2902 4940
625 449 628 458 “
741 452 905 508 -176-

366 591 439 635 nam
453 572 534 635 dixit
546 571 712 638 veredicus
726 591 830 636 sermo
845 573 1026 637 seniorum:

364 683 476 741 Pacem
487 677 579 740 terris
590 679 719 743 abstulit
733 679 889 742 adventus
899 697 1020 742 eorum.

364 816 422 873 Per
435 813 493 874 bos
505 814 630 874 Fratres
644 813 787 876 omnium
802 813 892 893 quies
905 814 1118 893 perturbatur,

365 917 490 980 unionis
503 917 665 981 vinculum
677 935 734 999 per
744 919 829 999 ipsos
843 923 1003 1001 vastatur3

364 1022 491 1086 libertas
504 1025 701 1089 studentium
713 1025 759 1088 sic
772 1025 965 1106 eliminatur,

363 1130 450 1209 quod
462 1148 519 1209 per
531 1131 694 1212 privilegia
708 1134 815 1195 nullus
823 1135 890 1212 jmn
903 1135 1041 1196 curatur.

364 1271 481 1334 Radius
494 1273 683 1335 concordiae
697 1291 753 1353 per
766 1275 827 1335 boo
841 1273 874 1347 (l.
886 1275 945 1335 bos
954 1277 978 1349 i)
992 1271 1160 1353 eclipsatur
1172 1279 1232 1348 (1),

364 1387 397 1444 et
409 1384 495 1463 pacis
507 1383 661 1446 stabilitas
674 1384 800 1446 ruinam
814 1384 968 1465 minatur,

364 1490 528 1570 omnisque
542 1489 695 1552 securitas
707 1490 817 1569 procul
831 1489 1010 1571 effugatur,

364 1600 395 1694 et
408 1596 461 1661 vix
474 1597 564 1676 quies
576 1596 744 1672 modieu(s)
761 1595 917 1677 aliquibus
936 1597 1040 1660 datur.

363 1739 461 1802 scusi
476 1745 591 1819 Papam
604 1738 755 1802 Dominus
768 1738 859 1801 nobis
874 1739 969 1800 talem
983 1738 1090 1819 daret,

362 1862 471 1907 eorum
485 1845 652 1908 consilium
665 1844 719 1925 qui
734 1862 799 1907 non
813 1846 1021 1925 approbaret,

361 1950 459 2029 etqui
473 1950 673 2030 supercilium
685 1967 796 2014 eorum
809 1951 961 2030 calcaret,

361 2056 437 2137 quin
450 2056 529 2118 irem
543 2057 583 2119 ad
595 2056 715 2119 cunam
727 2056 805 2117 nihil
819 2073 871 2118 me
883 2057 1035 2118 tardaret.

362 2195 419 2270 Qui
433 2198 601 2276 postquam
614 2196 773 2258 silentium
787 2197 947 2259 Fratribus
961 2197 1117 2276 imponet,

361 2302 456 2364 credo
468 2302 554 2382 quod
568 2304 651 2365 banc
666 2301 799 2381 gratiam
812 2306 894 2365 Deus
907 2303 984 2365 mibi
998 2304 1112 2384 donet,

360 2409 447 2488 quod
460 2426 627 2471 rancorem
640 2409 807 2489 pristinum
822 2412 955 2490 uterque
966 2411 1122 2490 deponet,

361 2517 455 2593 atque
468 2514 546 2577 meis
557 2515 703 2595 precibus
715 2515 846 2595 quilibet
858 2519 1035 2595 componet.

309 2742 311 2748 ι
359 2661 531 2736 lmperator
541 2657 660 2720 seilicet
674 2661 706 2720 et
721 2663 803 2738 Papa
817 2657 979 2738 facturus,

358 2763 485 2826 recedet
498 2761 655 2826 discordia
670 2768 702 2826 et
713 2783 776 2843 pax
788 2763 849 2826 erit
861 2781 989 2843 murus,

359 2869 568 2934 omnishomo
581 2871 698 2951 poterit
712 2870 849 2933 dormire
863 2885 1013 2951 securus,

360 2995 378 3038 a
392 2979 479 3040 nullo
494 2978 685 3041 calumniam
699 2980 747 3042 vel
760 2977 912 3040 damnum
926 2993 1085 3056 passurus.

360 3115 436 3172 Nam
449 3128 523 3172 cum
536 3112 568 3173 in
581 3111 735 3191 capitibus
747 3129 810 3190 pax
824 3112 883 3172 erit
896 3109 1037 3188 firmata,

360 3215 392 3276 in
406 3215 554 3278 membris
567 3234 622 3295 per
636 3231 833 3294 consequens
846 3213 906 3276 erit
918 3215 1106 3292 reformata,

359 3339 466 3401 mons,
481 3320 587 3400 vallis,
603 3319 752 3398 planicies
765 3317 929 3399 quiescent
941 3320 974 3380 et
985 3321 1100 3398 strata,

361 3425 491 3502 domuS,
506 3423 721 3486 babitaculum
735 3426 767 3485 et
779 3424 881 3486 omnis
896 3427 1050 3488 contrata.

359 3560 530 3636 Imperator
544 3561 577 3620 et
589 3556 634 3620 eis
648 3574 771 3637 semper
784 3557 844 3619 luit
857 3557 928 3620 talis

358 3663 445 3744 quod
457 3666 525 3744 ejus
535 3663 657 3744 justitia
671 3683 737 3728 non
750 3663 889 3744 pepercit
901 3665 992 3728 malis
1005 3715 1013 3746 ,

356 3770 498 3850 quamvis
511 3774 593 3833 esset
607 3771 702 3834 etiam
714 3789 791 3833 suus
805 3774 1047 3852 commelnbalis

356 3877 406 3938 vel
419 3876 539 3940 amicus
551 3877 692 3956 qualibet
703 3875 804 3956 magis
817 3877 985 3957 specialis·

290 4101 319 4157 (l)
332 4099 496 4158 Eslobsourci;
507 4113 574 4156 voyer
585 4103 613 4145 du
624 4102 710 4157 Gange,
724 4108 739 4146 t.
752 4103 796 4157 lll,
811 4117 831 4160 p.
844 4108 867 4159 tl,
878 4105 919 4148 col.
934 4109 956 4148 9.
