2914 4944
731 452 911 514 -ror-·

355 582 439 647 Dixit
451 599 533 664 quae
544 597 638 663 supra
649 585 717 662 jam
729 599 783 646 me
796 583 959 664 scripsisse
971 587 1014 654 (n
1028 585 1199 666 recordor3

393 691 521 771 propter
534 688 621 769 quod
634 688 772 754 breviter
786 692 862 752 sunt
874 690 1081 753 memoranda
1092 689 1171 752 mihi
1188 718 1196 751 ι

352 795 445 871 Quod
456 797 579 876 Moyses
589 793 716 875 redeat,
730 795 854 858 Christo
868 795 1020 875 cedente,
1035 797 1192 878 vetusque

392 900 472 964 ritus
487 898 707 981 apaturion,
722 902 793 980 lege
805 901 942 964 cadente
953 918 1057 982 nova3

352 1005 444 1080 Quod
459 1006 693 1068 sacramentum
706 1007 809 1068 cesset
819 1006 1034 1087 baptismatis,
1049 1009 1082 1068 et
1093 1006 1181 1085 quod

399 1109 646 1174 circumcidendi
659 1127 730 1175 mos
742 1111 857 1176 iterum
870 1114 980 1176 redeat
993 1138 1002 1193 3
1051 1145 1054 1156 ·

359 1219 452 1294 Quod
464 1218 549 1281 licite
562 1218 662 1281 denas
675 1236 793 1282 uxores
806 1220 923 1284 ducere
940 1220 1040 1300 possit

395 1340 496 1402 unus,
512 1324 545 1384 et
556 1339 620 1385 una
632 1323 743 1387 decem
755 1324 855 1404 possit
869 1326 987 1389 habere
999 1325 1094 1392 viros.

356 1433 440 1492 Haec
451 1433 621 1510 postquam
635 1429 716 1492 dixit
728 1433 922 1512 Macbomes,
938 1435 970 1494 et
984 1435 1108 1495 caetera
1119 1448 1202 1511 quae
1218 1449 1254 1494 se

396 1534 502 1598 dicere
515 1534 658 1617 dicebat,
673 1535 885 1616 praecipiente
898 1541 981 1618 beo,

360 1667 376 1702 a
389 1643 617 1724 Ascendamus,
629 1665 645 1700 a
660 1644 716 1725 ait,
734 1667 749 1702 «
765 1647 907 1708 montem
920 1661 1016 1725 quem
1030 1643 1159 1707 cernitis
1172 1643 1256 1724 illic;

398 1750 541 1813 fortassis
552 1750 644 1814 nobis
659 1750 778 1814 coelica
789 1753 886 1815 verba
899 1753 1036 1814 sonent:

358 1856 409 1920 Sic
421 1855 539 1920 etenim
551 1856 714 1939 quondam
724 1860 847 1938 Moyses
861 1857 901 1920 de
913 1859 1022 1920 monte
1034 1858 1169 1919 refertur
1285 1857 1287 1864 '

398 1963 432 2026 in
446 1964 562 2028 tabulis
574 1966 677 2044 legem
693 1964 789 2027 dante
803 1964 913 2027 tulisse
926 1967 1001 2027 beo.
1017 1985 1032 2019 »

359 2068 415 2130 Hic
427 2070 654 2149 praetendebat
667 2070 846 2134 Macbomes
858 2069 1039 2150 verissima,
1055 2087 1165 2134 vemm

400 2175 461 2236 sub
473 2174 577 2252 specie
590 2174 656 2236 veri
671 2174 849 2252 decipiebat
860 2192 926 2237 eos.

360 2283 438 2342 Nam
451 2277 539 2358 prius
552 2279 677 2340 occulte
691 2281 833 2341 montem
847 2281 1078 2344 conscenderat
1089 2282 1190 2361 ipsum

400 2386 434 2447 in
447 2402 511 2466 quo
525 2385 588 2447 mel
602 2385 738 2446 multum
751 2387 863 2465 lacque
876 2387 1109 2452 recondiderat.

361 2494 474 2555 Montis
485 2491 571 2554 enim
586 2492 731 2572 culmen,
746 2510 809 2571 qua
823 2492 931 2556 nescio
945 2494 1071 2557 foderat
1082 2495 1150 2556 arte
1165 2542 1173 2574 ,

401 2603 439 2662 ut
449 2603 520 2663 tuto
533 2598 690 2680 liquidum
704 2598 781 2678 quid
795 2599 933 2663 retinere
945 2603 1052 2681 queat.

362 2707 420 2768 Mel
433 2704 531 2784 igitur
542 2706 722 2768 Macbomes
737 2705 847 2772 foveae
858 2706 1061 2770 commiserat
1072 2706 1151 2788 uni,

402 2813 501 2875 altera
512 2812 563 2874 lac
574 2811 678 2874 tenuit
692 2811 769 2874 dum
782 2814 959 2876 Macbomes
973 2814 1095 2877 voluit:

364 2919 413 2983 Sic
426 2935 554 3000 quoque
566 2917 736 2998 cespitibus
751 2918 914 2982 fovearum
928 2922 1052 2982 texerat
1063 2937 1138 3000 ora,

404 3030 440 3088 ut
453 3028 560 3089 nullus
574 3026 677 3087 fossae
691 3024 791 3104 possit
804 3026 920 3089 habere
933 3028 1053 3089 notam.

366 3135 532 3194 Praeterea
546 3131 676 3210 taurus,
699 3147 793 3210 quem
805 3149 857 3194 me
870 3148 1063 3196 memorasse
1075 3133 1238 3214 recordor,

406 3238 499 3314 cujus
511 3236 579 3296 erat
592 3237 686 3313 potus
699 3236 841 3298 Bacchus
853 3239 885 3298 et
897 3253 969 3300 esca
983 3240 1092 3317 Ceres,

233 3398 238 3406 .
367 3339 457 3403 Haud
470 3339 580 3420 procul
595 3357 613 3401 a
628 3338 727 3405 foveis
739 3340 830 3404 lactis
843 3341 1007 3422 mellisque
1020 3343 1136 3405 latebat

405 3447 491 3526 leges
502 3446 655 3509 confictas
668 3464 687 3509 a
700 3448 895 3510 Macbomete
909 3465 1032 3527 gerens.

365 3556 432 3616 Huc
445 3552 543 3632 igitur
555 3554 724 3632 postquam
737 3552 933 3636 Macbomes,
949 3570 1093 3634 proceres
1107 3555 1311 3636 populusque

405 3664 577 3740 venerunt,
592 3659 770 3723 Macbomes
786 3677 945 3740 quemque
959 3659 1050 3738 silere
1061 3661 1165 3741 jubet.

365 3774 434 3844 Quo
448 3769 548 3847 iacto,
563 3766 652 3847 quasi
665 3766 831 3829 consilium
844 3767 983 3847 bomini,
997 3768 1178 3831 manifestat

351 3886 353 3891 ·
407 3872 484 3952 quid
496 3873 536 3934 de
546 3871 707 3934 mutandis
720 3872 841 3951 legibus
854 3871 995 3935 instituet
1008 3899 1016 3952 3

300 4120 329 4174 tf)
345 4117 442 4162 Dixisse
455 4115 510 4159 dans
521 4115 546 4156 u.
