2892 4940
527 579 559 589 -
582 551 637 610 123
654 579 689 588 -

192 666 248 728 sed
262 669 414 732 foetorem
429 672 545 736 sentiet
556 691 678 752 poenae
692 675 891 755 gehennalis,

193 773 257 837 sive
271 775 311 837 sit
324 777 508 860 episeopus,
525 779 590 843 sive
604 781 782 844 cardinalis.

193 908 235 971 lbi
250 909 328 972 nihil
342 911 469 974 dabitur
482 913 587 975 bullae
600 917 644 990 (1)
657 916 707 977 vel
719 915 881 994 scriptori,

193 1013 271 1078 nihil
284 1017 474 1099 camerario,
489 1019 568 1081 nihil
577 1019 707 1099 janitori
720 1045 728 1101 3

194 1123 249 1186 sed
261 1124 422 1187 dabuntur
434 1129 594 1206 praesules
606 1129 743 1208 pessimo
757 1126 869 1192 tortori
882 1154 890 1205 t

194 1231 308 1310 quihus
322 1230 382 1293 erit
394 1231 500 1295 vivere
513 1232 580 1296 sine
594 1233 761 1296 [inemori.

195 1364 284 1445 Apud
298 1367 423 1428 nostros
433 1365 557 1446 judices
568 1369 641 1446 jnra
655 1367 884 1430 subvertuntur

196 1473 227 1532 et
239 1470 292 1548 qui
306 1471 393 1549 leges
406 1472 528 1534 iaciunt
539 1473 608 1551 lege
619 1489 685 1535 non
699 1473 872 1552 reguntur,

195 1595 261 1638 non
274 1576 445 1639 intendunt
454 1582 499 1653 (a)
512 1576 617 1640 miseri
630 1580 714 1640 mala
727 1594 810 1658 quae
823 1577 1012 1656 sequuntur,

196 1682 295 1763 etqui
307 1684 459 1746 damnant
475 1684 554 1747 alios
567 1684 658 1764 primi
678 1685 925 1748 damnabuntur.

197 1815 243 1876 Ad
254 1817 407 1878 terrorem
421 1815 565 1878 omnium
576 1831 705 1893 surgam
718 1816 903 1894 locuturus,

198 1920 301 1983 omnis
315 1923 418 1983 clerus
432 1919 560 2001 audiat,
580 1920 713 2000 simplex
724 1926 757 1984 et
769 1924 934 2000 maturus,

198 2028 276 2091 nihil
291 2031 340 2090 est
353 2028 440 2108 quod
451 2027 566 2108 timeo,
581 2027 673 2090 valde
687 2045 758 2091 sum
772 2046 905 2091 securus
917 2054 924 2108 3

198 2152 288 2197 meus
299 2151 403 2197 sermo
416 2133 553 2214 percutit
565 2136 652 2197 velut
663 2135 748 2197 ensis
759 2136 861 2198 durus
875 2140 885 2210 (
906 2135 926 2210 ).

199 2269 351 2332 Puniendi
363 2270 524 2349 praesules
537 2273 612 2332 sunt
626 2273 658 2332 et
671 2271 863 2351 cardinales,

200 2377 330 2438 abbates
342 2378 375 2437 et
387 2375 554 2456 monaehi,
569 2376 681 2455 nigrae
694 2376 864 2456 moniales,

200 2483 381 2544 sacerdotes
394 2481 528 2563 aemuli,
543 2482 647 2545 cleriei
661 2485 807 2563 venales,

201 2590 433 2668 congregantes
446 2586 573 2649 insimul
586 2604 662 2667 opes
678 2589 878 2668 temporales.

202 2734 327 2808 Quanto
339 2732 411 2810 plus
422 2730 641 2808 accumulant,
657 2732 746 2791 tanto
760 2731 831 2808 plus
845 2729 1067 2806 marcescunt,

204 2840 279 2899 sunt
289 2837 377 2900 velut
388 2834 575 2915 (hhydropiei
591 2852 728 2914 quorum
742 2836 825 2896 mala
840 2835 1009 2912 creseunt3

206 2945 282 3006 dum
293 2943 364 3022 plus
377 2940 508 3013 hibunt,
526 2938 638 3001 sitiunt
650 2939 753 3018 magis
766 2942 799 3001 et
812 2941 982 3017 arescunt,

206 3067 244 3112 ae
256 3046 344 3112 avari
357 3045 463 3108 miseri
476 3063 641 3125 nunquam
654 3045 867 3125 requiescunt.

206 3189 288 3265 Quid
301 3191 349 3252 est
362 3187 497 3252 avaricia
511 3186 572 3250 nisi
586 3187 656 3251 vilis
670 3189 791 3268 cultuS,

205 3296 382 3360 vanitatum
393 3293 532 3375 vanitaS,
551 3294 695 3358 cordium
709 3296 865 3357 tumultus
875 3294 939 3374 (iti

207 3403 299 3466 lliser
311 3405 479 3482 postquam
494 3402 614 3482 tegitur
627 3401 680 3466 vili
695 3405 898 3482 tegumento,

209 3510 247 3572 fit
259 3509 417 3590 sepultus,
435 3511 544 3585 postea
558 3507 655 3570 miser
669 3509 702 3571 in
715 3513 887 3572 tormento.

91 3760 122 3814 (tl
138 3758 177 3803 Au
186 3763 257 3798 soeau
268 3757 291 3796 at
301 3764 341 3808 pur
350 3749 466 3796 extensian
475 3761 521 3792 aux
534 3749 614 3805 prepo-
675 3748 703 3805 (a)
717 3747 763 3792 Sed
772 3747 894 3792 attendant
905 3748 960 3791 dans
973 3746 1069 3792 Flauius.

64 3823 102 3866 ses
117 3832 150 3864 au
170 3827 254 3867 soeau,
269 3811 388 3858 helluatio.
408 3810 444 3856 Oa
458 3809 615 3864 tiatgahmem

64 3884 124 3928 dans
137 3891 185 3924 une
197 3876 272 3924 Satira
283 3874 310 3919 de
320 3875 394 3920 Golias
403 3877 481 3918 eontra
489 3872 510 3916 la
521 3871 578 3917 Gour
588 3872 615 3915 tle
674 3851 703 3908 (5)
718 3850 780 3896 0οῑῑο
793 3849 883 3906 “²¹⁰9he
899 3854 922 3919 ,⁰²
933 3848 966 3894 ¹0³
983 3856 1063 3905 quatre
1076 3848 1193 3894 stillantes

65 3946 161 3989 Rome:
651 3917 773 3968 marquart
781 3910 939 3955 dansFlacms.

69 4019 125 4057 rapa
134 4013 219 4054 amrin
232 4008 318 4042 ⁰¹¹⁸ffl¹¹⁸
326 4007 406 4048 quaeis,
419 4005 471 4038 suu·
479 4003 561 4045 tumst·
678 4009 710 4064 (tl
722 4008 740 4052 ll
750 4018 847 4062 manque
857 4007 884 4051 ici
895 4005 1062 4063 prohablemaat
1070 4004 1129 4048 deux
1138 4011 1193 4048 vera

66 4051 531 4142 loffiuqmfflffi:rffiafflrthffi
538 4048 615 4089 quaerit,
653 4070 756 4114 termines
766 4081 794 4113 en
802 4067 878 4121 ultus,
888 4075 910 4113 et
917 4069 974 4112 deux
983 4079 1034 4112 vars
1043 4065 1082 4123 qui
1092 4065 1195 4110 fluissent

69 4155 135 4183 rorum
146 4145 278 4180 manum
289 4143 327 4181 eat.
344 4143 382 4172 tots
390 4139 507 4179 euomuerit
652 4143 680 4176 en
692 4133 751 4176 anto.

125 4205 192 4250 Dans
207 4201 240 4249 ld.
250 4198 347 4254 Wright,
361 4196 540 4252 missalium,
551 4207 573 4251 p.
583 4198 616 4238 38.
