2908 4942
564 497 725 550 -275-

329 597 331 602 ,
384 621 445 681 hoo
458 621 533 680 sunt
546 617 633 697 digni
646 615 813 698 supplicio,

384 722 769 804 quibusplaoetproditio.

351 980 448 1062 Appet
467 983 516 1044 des
538 983 664 1044 Bretons
684 1000 749 1042 aaa
771 1000 867 1043 armes
879 983 933 1056 (l).

178 1197 345 1261 Trucidare
358 1201 498 1261 Saxones
511 1196 595 1260 soliti
608 1199 813 1261 cambrenses

175 1302 216 1364 ad
228 1303 381 1380 cognatos
394 1301 542 1364 Britones·
551 1304 583 1364 et
595 1299 846 1379 cornubiensem

174 1405 339 1487 requirunt
351 1408 388 1466 ut
401 1405 530 1470 veniant
540 1424 595 1485 per
608 1408 721 1468 acutos
734 1422 825 1468 enses

104 1511 142 1572 ad
156 1511 358 1573 debellandos
371 1508 514 1574 inimicos
527 1509 742 1572 saxonienses.

173 1638 283 1702 Venite
294 1641 361 1719 jam
375 1641 503 1701 strenue
517 1637 623 1700 loriois
636 1638 764 1718 armati3

173 1745 250 1804 sunt
260 1759 333 1820 pars
346 1759 462 1820 magna
476 1743 637 1803 Saxonum
650 1745 762 1802 mutuo
773 1739 895 1814 necati3

172 1844 786 1925 mmmfflwmmfflz

104 1967 183 2012 nuno
198 1949 391 2012 documenta
406 1950 478 2012 date
490 1967 553 2029 qua
567 1948 635 2012 sitis
648 1949 770 2028 origine
781 1948 858 2010 nati.

170 2078 316 2142 llellinus
328 2082 373 2155 (2)
385 2078 549 2143 veredicus
562 2097 726 2159 nunquam
741 2076 821 2140 dixit
831 2095 964 2158 vanum,

170 2185 392 2264 expellendum
405 2187 557 2264 populum
570 2184 728 2265 praedixit
743 2201 896 2248 vesanum
907 2185 949 2263 (3)
960 2209 968 2264 3

171 2295 203 2356 et
215 2309 276 2355 nos
288 2293 322 2367 (l.
338 2297 408 2369 vos)
419 2293 482 2356 hoo
495 2293 662 2357 eonsilium
678 2311 742 2356 non
757 2291 889 2356 servatis
902 2308 1030 2370 sanum,

100 2397 255 2473 [sloernite
270 2398 398 2462 fallaces
409 2416 545 2478 quorum
560 2415 661 2479 genus
672 2415 766 2461 omne
779 2400 957 2477 profanum.

170 2527 398 2592 praedecessor
411 2525 535 2589 validus
546 2545 603 2590 rex
616 2544 752 2605 magnus
766 2531 898 2590 arturus

169 2635 196 2697 si
209 2632 343 2698 vixisset
355 2630 472 2711 bodie,
489 2630 618 2695 fuissem
631 2649 781 2711 securus3

171 2739 281 2801 nullus
296 2732 325 2795 ei
339 2737 500 2797 Saxonum
513 2733 677 2798 restitisset
689 2752 821 2798 morose

101 2845 176 2904 esset
187 2841 215 2905 ei
229 2842 266 2917 (l.
282 2837 338 2914 eis)
350 2837 433 2901 siout
445 2842 629 2901 meruerunt
641 2839 674 2900 in
687 2855 779 2918 prece
790 2840 902 2902 durus.

170 2970 324 3033 Procuret
337 2965 540 3046 Omnipotens
554 2965 612 3028 sibi
626 2983 858 3049 successorem,

173 3079 288 3140 saltem
301 3072 360 3136 sibi
374 3072 521 3154 similem,
535 3073 651 3136 nollem
665 3071 846 3154 meliorem,

171 3180 226 3264 qui
241 3179 332 3242 tollat
344 3175 523 3240 Britonibus
535 3175 701 3256 antiquum
714 3175 855 3238 dolorem

101 3287 130 3345 et
139 3283 195 3349 sibi
206 3281 354 3347 restituat
365 3280 524 3361 propriam
536 3279 741 3362 propriaeque
755 3278 917 3342 decorem!

172 3422 239 3481 lloo
252 3413 404 3491 Art[h]uri
418 3416 550 3493 patruus
560 3411 636 3475 velit
647 3411 832 3490 impetrare,

123 3655 149 3709 [ll
163 3657 189 3700 li.
199 3656 228 3699 de
239 3655 324 3711 lande,
339 3654 401 3698 londs
412 3653 438 3698 de
446 3653 545 3705 Vossius,
558 3662 585 3696 no
595 3658 635 3700 llll
668 3654 697 3698 de
711 3653 732 3697 la
751 3653 834 3709 grande
852 3653 976 3710 reputation
995 3655 1023 3699 de
1036 3655 1145 3703 bruvoura
1161 3671 1205 3717 que

99 3714 173 3767 [xllle
190 3716 280 3772 siecle),
295 3716 332 3761 lol.
344 3720 398 3770 ill,
416 3725 448 3760 ro.
467 3715 530 3760 Getta
546 3715 633 3769 pidoaa
669 3714 842 3771 s’etaitaoquiso
851 3715 950 3760 lliebard
963 3715 1137 3765 (loeur-da-Liou.

100 3775 145 3831 dtj'a
158 3779 194 3823 tte
207 3776 294 3834 poblite
304 3789 345 3835 par
357 3778 391 3823 ld.
408 3776 508 3833 Vtrique,
524 3774 635 3820 Politteal
696 3776 725 3832 (Ω)
738 3777 831 3829 llerlin3
846 3777 903 3821 dans
919 3789 959 3822 nos
969 3779 1018 3835 plus
1035 3781 1103 3824 rieux
1116 3793 1205 3828 romans

100 3847 169 3895 torpa,
181 3852 207 3896 p.
219 3843 260 3894 563
274 3840 331 3884 mais
344 3851 399 3884 nous
412 3837 494 3883 devons
509 3837 521 3883 l
537 3837 635 3894 lampio
670 3838 814 3894 earlingleos,
838 3851 866 3884 on
884 3843 963 3884 trouve
980 3847 1082 3894 movent,
1105 3855 1146 3898 par
1163 3857 1206 3890 une

101 3901 183 3953 qusll.
202 3900 635 3946 Geelobiauvoulunoustransmattre
669 3900 797 3955 oorrupllon
819 3899 950 3953 semblable,
978 3901 1126 3948 Kollemoine
1151 3917 1207 3961 pour

101 3970 151 4006 aveo
164 3964 185 4008 la
199 3962 249 4019 plus
265 3962 360 4008 aimable
377 3962 517 4018 obliqeance,
534 3961 562 4005 de
576 3973 635 4016 pou-
669 3960 831 4006 [artemam.

99 4022 144 4066 loir
154 4025 276 4070 lotroduire
285 4025 393 4082 quelques
405 4024 568 4070 amelioratione
580 4023 636 4068 dans
700 4024 728 4080 (ὅ)
743 4022 927 4068 Veoeaaumdans
935 4023 955 4068 la
965 4034 1019 4076 ms,
1030 4026 1086 4070 mols
1095 4026 1115 4071 le
1123 4037 1139 4070 x
1146 4027 1208 4072 avait

100 4092 137 4126 son
148 4089 215 4131 terte.
236 4085 267 4130 ba
283 4085 345 4142 piene
364 4098 392 4131 ne
406 4090 458 4142 peut
470 4097 511 4141 pas
525 4089 572 4129 etro
585 4084 635 4129 bien
670 4091 776 4139 souvent,
787 4085 884 4143 pendant
893 4086 913 4130 le
922 4096 1001 4141 moyen
1011 4089 1060 4142 lqe,
1070 4086 1089 4131 le
1102 4099 1141 4132 son
1156 4089 1208 4133 d’un

101 4147 222 4193 anterieure
236 4160 265 4191 ou
278 4157 335 4201 ms,
348 4146 451 4203 puisqu'll
465 4160 477 4202 y
489 4153 523 4192 est
534 4146 635 4202 question
671 4160 681 4192 s
692 4147 809 4191 lortemenl
819 4149 936 4202 proponet.
