2914 4944
727 422 895 480 -398-

394 561 482 627 eras,
498 564 514 604 u
529 542 650 626 inquit,
666 565 686 604 u
696 543 780 608 dicta
794 543 996 626 conditione,
1011 545 1127 625 petam.
1142 563 1159 600 o

233 665 236 673 ·
352 650 475 714 laudat
486 652 519 713 et
531 651 593 713 boo
606 650 802 730 ltaobomes‚
817 653 866 731 et,
882 669 956 714 eum
968 651 1008 713 de
1021 652 1116 713 noete
1127 647 1314 731 requirens,

392 760 508 822 cuncta
521 758 635 837 refert,
650 758 683 818 et
695 733 768 836 post
780 755 855 820 talia
868 758 1106 819 commemorat.

355 885 371 921 a
385 860 592 943 praeteriere,
605 863 683 942 puto
694 909 701 943 ,
713 863 780 941 iam
794 864 858 924 tres
872 864 928 924 aut
940 864 1077 942 quatuor
1088 861 1186 943 anni,

393 987 434 1032 ex
446 985 511 1049 quo
522 971 632 1030 saneta
644 967 759 1032 domus
772 969 852 1032 haee
864 967 943 1031 mibi
957 971 1034 1031 nota
1047 968 1129 1052 luit3

353 1079 441 1138 Tune
452 1074 530 1138 mibi
544 1073 651 1138 dixisti
663 1075 769 1156 quod,
787 1092 838 1138 me
853 1075 1004 1156 faciente,
1021 1077 1170 1156 peribunt

391 1181 445 1242 lox
457 1197 558 1261 nova,
573 1197 663 1243 sacra
676 1179 774 1262 fides,
789 1181 993 1263 conjugium,
1008 1183 1181 1244 lavacrum.

352 1285 405 1349 llis
416 1285 588 1366 adiunxisti
602 1286 850 1370 quamplurima,
863 1305 953 1350 more
966 1289 1158 1368 prophetae,

392 1396 486 1456 antea
500 1412 596 1474 quam
608 1394 739 1458 veniant
750 1394 914 1458 notificata
926 1394 983 1456 tibi
996 1421 1004 1476 3

353 1502 406 1581 m,
420 1498 448 1562 si
461 1499 616 1579 praevidit
626 1518 683 1580 per
693 1518 745 1565 me
757 1505 840 1564 Deus
853 1501 914 1564 ista
928 1502 1035 1564 lutura
1048 1549 1057 1581 ,

392 1610 429 1670 ut
441 1607 644 1690 praedixisti,
658 1625 710 1671 res
722 1607 767 1670 ita
781 1607 955 1688 proveniet.

352 1713 402 1777 Sic
415 1711 514 1792 igitur
525 1713 639 1776 Christi
654 1713 816 1776 destructa
829 1715 900 1794 lege
916 1713 1063 1794 fideque,

391 1820 424 1882 in
438 1820 556 1883 baratri
570 1838 689 1902 poenas
704 1824 832 1884 corruet
845 1820 1057 1884 omnishomo
1069 1844 1078 1900 ς

351 1930 429 1989 llam
440 1927 501 1991 nisi
514 1928 569 2009 qui
582 1929 678 1992 luerit
690 1927 838 2008 baptismi
851 1930 940 1991 sonte
952 1930 1083 1990 renatus

391 2033 434 2094 ad
446 2033 559 2096 Christi
575 2051 710 2113 regnum
725 2035 830 2097 nullus
845 2033 974 2097 habebit
987 2032 1056 2094 itor.

352 2140 498 2200 Attamen
513 2139 593 2200 haec
605 2137 697 2200 aliter
711 2137 779 2201 fieri
798 2140 933 2201 tortasse
946 2139 1109 2218 valerent,

391 2241 417 2304 si
432 2240 550 2304 nostris
562 2243 658 2305 velles
671 2241 802 2304 credere
816 2242 975 2324 consiliis3

351 2345 544 2411 Christicolis
556 2345 625 2409 aliis
636 2346 805 2410 destructis
819 2349 855 2409 tu
868 2363 1069 2428 superesseS,

391 2457 424 2516 et
436 2452 589 2533 templum
601 2455 707 2516 tecum
719 2455 773 2534 (t),
789 2452 996 2534 discipulique
1010 2453 1056 2516 tui
1070 2478 1079 2533 ς

351 2561 405 2640 nt,
419 2558 589 2622 miserante
603 2563 685 2640 Deo,
702 2559 829 2623 modico
844 2558 1018 2622 desemine
1031 2561 1138 2638 posset

391 2665 504 2730 Christi
518 2669 678 2730 cultorum
692 2683 823 2746 surgere
835 2685 953 2746 magna
968 2683 1070 2746 seges.
1087 2687 1103 2722 »

351 2775 486 2840 sanctus
496 2771 538 2834 ad
552 2774 630 2834 haee
644 2799 652 2834 ε
669 2794 685 2830 «
698 2775 771 2835 lura
786 2775 818 2834 te
831 2789 898 2834 non
912 2774 1053 2836 evertere
1067 2771 1242 2850 templum,

391 2881 540 2962 quodque
553 2878 630 2942 mihi
644 2896 756 2960 parcas
769 2878 994 2968 discipulisque
1007 2878 1107 2960 meis,

352 2992 391 3052 Et
404 2987 518 3052 faciam
530 3004 739 3068 quaecunque
752 2989 855 3070 voleS,
871 2986 1093 3049 tantummodo
1103 3001 1168 3046 non
1181 2982 1245 3046 sint

390 3095 543 3160 adversus
556 3092 677 3155 Domini
688 3097 777 3174 jussa
791 3089 977 3174 sacramque
991 3093 1096 3155 fidem.
1112 3112 1127 3146 a

351 3203 391 3264 Et
399 3203 600 3264 blachomes:
617 3222 633 3258 «
648 3200 771 3264 Christo
786 3199 944 3264 contraria
957 3201 1059 3262 multa
1070 3195 1220 3261 videntur

392 3326 474 3388 quae
488 3306 706 3388 dispensanter
719 3309 764 3389 (2)
776 3323 870 3386 saepe
883 3306 958 3370 lieet
971 3305 1050 3369 fieri.
1067 3325 1081 3361 n

349 3419 485 3483 Sanctus
498 3413 563 3478 ait:
579 3437 596 3474 a
608 3414 659 3479 Sic
671 3417 740 3495 ost3
756 3415 806 3477 die
819 3413 906 3494 quod
919 3414 1039 3493 placet,
1053 3411 1171 3490 impleo
1184 3437 1192 3492 3
1207 3411 1334 3472 tantum

391 3526 534 3588 servetur
545 3539 654 3585 semen
666 3521 865 3585 christicolae
878 3521 996 3601 populi.
1010 3541 1025 3576 n

337 3630 470 3720 ,iurant
481 3630 658 3694 blachomes
672 3632 704 3690 et
716 3627 876 3691 subdidit:
894 3650 910 3685 «
923 3629 977 3689 Est
988 3623 1064 3687 mihi
1080 3625 1224 3704 conjunx

390 3738 550 3808 excellens,
560 3737 660 3816 lama,
676 3733 809 3814 diutim,
825 3750 963 3813 genere3

277 4045 308 4100 ll)
322 4041 423 4088 Saltum
437 4039 548 4097 templum
559 4037 651 4084 deusd.
847 4035 875 4091 (a)
895 4035 940 4078 Par
960 4043 1004 4076 uno
1018 4033 1133 4102 dispolim
1155 4041 1183 4076 ee
1205 4036 1252 4075 root
1268 3997 1369 4087 mdnqm

820 4097 874 4142 dans
887 4095 906 4140 la
919 4093 1021 4139 nouvelle
1034 4093 1113 4138 edibon
1128 4092 1156 4136 do
1168 4091 1298 4148 ducange.
