2926 4952
739 541 778 548 -.
793 513 830 564 (3ss
845 541 882 548 ,..

296 648 387 696 mons
412 634 457 694 (lr
476 632 657 695 nominatur
667 636 720 713 (l),
735 635 825 695 -ab
850 634 1013 714 utriusque
1034 649 1130 696 sexus
1153 634 1277 697 duobus
1297 635 1365 696 vir-

296 738 421 817 ginibus
433 738 606 820 invenitur,
619 774 659 783 -
672 756 728 819 per
742 739 879 820 aquilam
892 740 1082 821 ostenditur,
1093 776 1133 787 -
1146 759 1164 804 a
1176 740 1309 804 Domino
1325 741 1364 802 de

295 842 391 904 coelis
405 848 618 907 consecratur.

255 960 289 1016 ln
302 959 411 1018 monte
422 959 464 1018 0r
475 975 531 1037 per
544 959 681 1038 aquilam
694 959 735 1022 ad
749 959 951 1023 serviendum
965 963 1028 1022 Deo
1048 957 1239 1022 describitur
1251 959 1363 1037 locus,

294 1097 334 1106 —-
356 1061 387 1123 in
411 1081 475 1142 quo
500 1064 681 1128 renovanda
701 1068 770 1127 erat
795 1064 908 1128 veteris
932 1063 1087 1145 bominis,
1113 1064 1197 1127 sieut
1219 1064 1366 1144 aquilae,

290 1167 452 1246 iuventus.

253 1280 314 1344 Sed
327 1299 367 1343 ne
381 1283 442 1344 boc
462 1282 568 1362 aliquo
586 1300 661 1346 casu
677 1283 847 1364 contigisse
867 1286 908 1346 ab
931 1285 1101 1347 incredulis
1113 1283 1309 1362 crederetur,
1326 1318 1370 1328 --

294 1385 344 1447 die
362 1385 501 1463 natali[s]
520 1387 659 1467 Domini,
684 1406 757 1450 cum
779 1406 846 1450 nox
867 1388 1093 1453 detrimentum
1114 1388 1232 1468 patitur
1256 1390 1290 1452 et
1309 1389 1369 1450 lux

293 1492 441 1570 augetur,
457 1490 736 1571 -quadriennio,
751 1491 904 1555 continuo
918 1509 1012 1571 super
1032 1491 1186 1572 volando,
1201 1494 1370 1555 monaste-

294 1595 376 1657 rium
389 1596 522 1659 eircuire
535 1597 646 1661 eadem
659 1595 776 1678 aquila,
790 1595 977 1659 mirantibus
990 1595 1148 1676 plurimis,
1163 1596 1367 1659 cernebatur.

255 1717 342 1789 Quae
359 1732 434 1778 vero
447 1715 600 1778 virtutum
614 1734 727 1797 opera,
742 1721 915 1796 —quanta
932 1717 1159 1778 miraculorum
1175 1715 1314 1795 insignia
1328 1751 1369 1761 —

295 1821 417 1900 peregit
435 1820 511 1884 inibi
531 1820 620 1885 miles
639 1822 752 1884 Christi
771 1821 962 1886 leudericus
974 1870 982 1902 ,
996 1857 1037 1867 -
1050 1825 1158 1883 noster
1171 1838 1237 1883 non
1251 1820 1371 1884 sullicit

293 1937 350 2006 per
363 1925 488 2004 singula
499 1943 643 2006 quaeque
656 1926 887 1988 sermunculus.

256 2050 330 2108 Post
342 2049 449 2108 autem
462 2063 527 2107 non
540 2044 631 2107 multi
649 2059 831 2106 successum
850 2042 1016 2122 temporis,
1029 2075 1069 2085 -
1081 2059 1155 2103 cum
1174 2041 1371 2104 leudericus

294 2147 518 2229 presbyteralis
533 2146 654 2209 subiret
668 2163 750 2209 onus
762 2145 904 2227 honoris,
915 2146 1092 2226 —implere
1105 2147 1216 2209 volens
1230 2145 1373 2208 officium

298 2253 483 2334 sacerdotis,
504 2289 544 2298 —
568 2251 671 2332 coepit
689 2251 836 2315 omnibus
858 2251 1030 2330 praedicari
1044 2252 1110 2330 (sic)
1123 2255 1292 2330 praecepta
1314 2268 1373 2313 sa·
1446 2229 1447 2280 ἶ

297 2360 381 2423 lutis.

257 2479 375 2544 Dehine
398 2477 574 2558 specialiter
594 2475 700 2556 tangit
723 2475 863 2537 animum
885 2473 1042 2555 piissimae
1061 2475 1217 2554 prolis-
1234 2477 1371 2540 Marcadi

298 2600 392 2662 cura,
406 2580 558 2644 carissimi
573 2578 734 2658 genitoris.

258 2705 354 2769 Filius
375 2702 500 2787 sapiens
520 2701 670 2764 laetificat
691 2703 813 2780 patrem
827 2701 911 2760 -et
925 2697 1014 2760 coelo
1028 2699 1195 2775 regenerat
1212 2714 1247 2759 sc
1271 2715 1373 2777 gene-

299 2813 440 2888 rantem,
457 2845 491 2857 ·-
507 2807 547 2870 de
560 2807 640 2870 laico
654 2806 867 2885 monachum,
885 2840 924 2850 —
945 2803 985 2866 de
998 2804 1121 2865 latrone
1141 2802 1284 2865 datorem
1307 2804 1373 2865 lar·
1445 2833 1446 2850 ÷

302 2913 482 2994 gissimum,
499 2949 531 2960 -
550 2910 589 2973 de
602 2928 693 2974 servo
708 2908 822 2972 diaboli
833 2907 946 2973 Christi
958 2905 1032 2970 lecit
1043 2907 1236 2986 liber(t)um(
1259 2911 1279 2984 ).

196 3057 203 3070 ·
262 3039 296 3097 ln
310 3033 369 3097 illis
380 3034 477 3114 igitur
489 3032 620 3114 diebus,
636 3031 675 3098 dc
686 3036 797 3095 sancto
812 3028 985 3093 'leudorico
996 3064 1036 3072 -
1049 3030 1158 3089 sancta
1170 3044 1226 3106 per
1238 3031 1374 3108 populos

302 3138 525 3218 divulgabatur
543 3135 666 3215 opinio,
691 3171 729 3182 -
750 3138 787 3197 ut
808 3151 848 3196 ne
871 3133 968 3197 veluti
991 3133 1120 3194 lucerna
1143 3136 1290 3196 contecta
1314 3137 1374 3199 sub

302 3250 470 3331 modio,—
480 3249 538 3312 sed
548 3247 729 3310 bominibus
739 3249 859 3310 luceret
869 3246 901 3308 in
913 3243 1258 3325 mund03-quantum
1270 3249 1376 3312 iuerat

303 3354 444 3419 sublimis
458 3352 594 3430 meritis,
606 3387 647 3396 —
659 3353 784 3413 tantum
798 3352 917 3413 clarere
938 3349 1043 3428 coepit
1054 3346 1187 3428 insignis
1200 3349 1374 3416 miraculis.

265 3481 340 3559 Ejus
354 3490 491 3554 namque
507 3469 687 3534 beatissima
702 3473 785 3532 lama
798 3473 1036 3549 —pervenerat
1057 3487 1157 3549 usque
1177 3470 1219 3532 ad
1233 3475 1377 3538 Franco-

304 3601 375 3646 rum
397 3579 481 3660 regis
494 3575 620 3657 palatia.

291 3775 319 3830 (ί)
333 3767 535 3817 resecuerant-il
544 3766 614 3811 eerirc
625 3765 675 3810 ilor
688 3774 773 3808 comme
782 3761 802 3807 le
837 3764 857 3807 le
875 3761 927 3817 pere
943 3762 1056 3819 s'appelait
1067 3761 1204 3809 Marobard:
1220 3765 1250 3808 lit
1265 3767 1334 3821 quia,
1354 3776 1378 3814 ul

264 3848 316 3880 nom
333 3833 360 3878 de
372 3834 393 3877 la
406 3837 524 3887 montagne
539 3830 567 3873 do
583 3825 802 3877 l’Arabie-Pctree,
838 3823 944 3880 scriptum
961 3830 1010 3874 est,
1030 3823 1087 3867 iilius
1109 3825 1197 3879 sapiens
1217 3826 1325 3874 laetificat
1339 3844 1377 3887 pa·

265 3899 318 3943 dont
327 3896 340 3940 il
350 3901 384 3940 est
394 3893 498 3951 question
511 3892 566 3936 dans
579 3887 682 3941 l’Eatode,
693 3887 729 3930 ch.
739 3897 800 3934 xvir,
838 3893 910 3938 trem,
923 3891 946 3930 et
964 3886 1024 3930 coelo
1042 3885 1159 3940 regenerat
1176 3897 1201 3932 se
1218 3897 1379 3948 generantem

266 3973 288 4003 v.
301 3962 330 4012 ὃς
348 3969 388 4002 car
407 3968 436 4000 on
453 3954 478 3998 lit
493 3955 548 3997 dans
566 3952 586 3996 la
603 3951 644 3993 vie
662 3948 749 4006 publiea
763 3958 803 4001 par
839 3959 927 4003 compos
938 3949 972 3991 sui
985 3947 1086 3992 desiderii
1098 3946 1199 3999 effeetus,
1213 3950 1241 3993 de
1253 3951 1315 3997 laico
1329 3966 1379 3999 mo

266 4019 377 4070 llabillon,
389 4016 452 4069 Aeto,
469 4015 534 4060 siecle
551 4014 570 4067 l,
582 4027 603 4069 p.
614 4017 668 4057 ull:
684 4012 716 4056 Or
729 4010 801 4064 siqui·
838 4010 947 4059 bachum,
966 4010 993 4053 de
1011 4010 1061 4063 lupo
1079 4020 1157 4063 ovem,
1169 4011 1196 4054 de
1209 4010 1296 4058 latrone
1310 4016 1378 4061 dato-

266 4083 317 4127 dem
334 4081 408 4126 lumen
422 4078 457 4122 vel
470 4075 601 4127 iracundia,
619 4075 666 4117 slve
685 4077 803 4116 montanus
839 4083 885 4115 rem
895 4069 1042 4125 largissimum
1054 4075 1077 4113 et
1088 4069 1115 4114 do
1126 4083 1192 4117 servo
1200 4072 1285 4119 diaboli
1294 4077 1378 4125 Christi

267 4145 431 4198 interpretatur,
839 4132 892 4178 lecit
909 4131 1027 4184 libertum
1045 4131 1101 4175 Aeto
1123 4133 1263 4179 Sanctorum
1281 4141 1379 4184 ordisse

294 4204 322 4259 (Ξ)
337 4203 429 4248 Suivnnt
441 4202 461 4244 la
475 4201 515 4244 vie
533 4197 618 4255 publiea
632 4209 672 4252 par
684 4194 802 4248 liabillon,
840 4192 1066 4245 Sancti-Benedicti,
1079 4193 1143 4239 siecle
1153 4195 1171 4248 l,
1185 4208 1207 4251 p.
1219 4202 1267 4242 617.
