2914 4944
719 472 883 526 -390—

343 613 358 647 a
374 590 528 670 Principio
541 592 647 654 nultus
661 593 765 658 servili
778 592 954 656 conditioni

382 697 527 760 subditus
541 700 606 780 est,
620 699 724 762 omnis
734 702 813 764 tunc
826 701 923 764 homo
937 700 1015 762 liber
1028 703 1115 780 erat3

343 803 398 866 sed
411 802 485 883 quia
498 803 617 884 primus
631 805 727 868 homo
741 805 884 886 peccavit
896 805 1160 885 transgrediendo
1175 855 1183 887 ‚

381 909 502 990 peceati
515 927 636 990 poenae
647 911 795 973 subditur
806 911 909 974 omnis
923 913 1031 973 homo.

341 1015 430 1081 Unde
443 1033 554 1079 reeens
565 1020 678 1099 natus,
692 1017 718 1080 si
728 1017 816 1083 vivat
828 1020 921 1081 noete
934 1019 983 1082 vel
998 1034 1083 1097 una,

381 1123 472 1202 primi
486 1123 608 1205 peceati
621 1125 715 1188 sorde
728 1143 788 1189 nec
801 1125 868 1206 ipse
881 1126 924 1206 (1)
937 1129 1025 1189 caret
1038 1173 1048 1206 ,

343 1233 392 1313 nt,
406 1230 466 1293 nisi
477 1231 651 1295 mundetur
663 1232 745 1295 sacri
758 1232 956 1312 baptismatis
970 1233 1076 1314 unda,

382 1352 506 1417 semper
519 1338 547 1400 ei
559 1339 638 1401 coeli
649 1343 748 1420 janua
760 1342 869 1403 clausa
880 1343 1000 1404 manet.

342 1447 408 1506 Hoc
420 1461 547 1524 quoque
559 1445 722 1510 mundatis
734 1446 943 1526 transgressio
955 1446 1091 1509 eontulit
1101 1446 1155 1508 illa
1169 1494 1177 1526 ‚

384 1548 470 1628 quod
483 1566 630 1631 peceare,
643 1552 736 1634 mon,
752 1569 845 1615 nemo
860 1569 967 1616 carere
978 1555 1101 1632 potest3

342 1653 417 1736 Qui,
436 1653 496 1717 nisi
509 1659 687 1736 peccasset,
701 1658 857 1737 potuisset
870 1661 1006 1740 utroque
1020 1675 1149 1738 carere,

385 1766 418 1825 et
428 1761 524 1826 modo
537 1758 597 1826 sub
608 1766 723 1828 neutro
736 1765 904 1845 posteritas
916 1769 1057 1846 gemeret
1068 1793 1077 1847 3
1199 1781 1203 1794 ·

343 1869 404 1933 Sed
417 1871 477 1932 suh
490 1873 627 1951 utroque
640 1872 755 1952 gemit,
770 1875 803 1935 et
815 1874 900 1935 Chau
914 1873 947 1951 (l.
960 1873 1071 1948 cham)
1083 1869 1246 1933 contraxit
1254 1872 1294 1933 ab
1305 1869 1352 1932 illo

382 1977 468 2054 quod
483 1977 599 2057 legitur
612 1978 736 2040 nudum
748 1995 813 2040 non
828 1976 966 2040 tacuisse
979 1978 1112 2056 patrem.

343 2080 405 2145 Sed
414 2080 488 2160 quia
503 2085 637 2144 sortasse
650 2083 798 2145 deminae
810 2100 876 2145 non
889 2083 977 2148 venit
987 2082 1029 2145 ad
1039 2099 1153 2162 aures,

383 2202 449 2248 non
463 2203 535 2249 reor
549 2187 716 2266 indignum
727 2187 753 2249 si
766 2189 923 2251 referatur
935 2190 979 2266 (Ξ)
992 2188 1033 2251 ei.

343 2321 423 2380 Cum
435 2335 536 2397 genus
550 2321 726 2384 humanum
738 2326 820 2385 Deus
833 2323 875 2384 ob
886 2325 1016 2402 peecata
1031 2325 1090 2387 suh
1102 2322 1195 2385 undis

385 2427 537 2511 delesset,
551 2428 626 2493 solis
640 2433 713 2493 octo
726 2429 959 2512 superstitibus

345 2537 546 2602 Obdormisse
558 2541 622 2600 Noe
633 2537 768 2618 legitur3
783 2537 908 2601 detecta
921 2538 1071 2618 pudenda

386 2647 455 2725 ejus
467 2649 578 2725 enant3
597 2644 675 2708 vidit
688 2645 786 2707 Cham
796 2643 865 2706 sine
878 2647 966 2708 veste
979 2647 1123 2725 patrem,

347 2750 464 2814 Detulit
480 2751 520 2813 ad
534 2752 669 2832 inatres3
684 2752 798 2812 fratres
810 2750 955 2831 doluere,
970 2750 1126 2829 pudorem

387 2857 486 2938 patris
499 2860 670 2920 texerunt:
686 2859 762 2920 nota
776 2859 866 2919 fuere
879 2856 959 2937 patri
973 2905 981 2938 ‚

348 2964 407 3040 Qui
419 2964 642 3044 contristatus,
656 2964 753 3026 cham
767 2961 932 3042 supposuit
945 2960 1135 3043 maledicto,

388 3072 422 3131 et
433 3085 556 3149 semper
570 3084 697 3130 servum
709 3067 860 3130 iratribus
873 3066 1019 3129 instituit.

348 3179 395 3239 Ex
408 3177 470 3238 hoc
481 3173 564 3252 cepit
574 3173 670 3236 homo
684 3190 796 3236 causas
810 3172 931 3236 homini
946 3171 1125 3236 dominandi
1139 3199 1148 3252 ς

388 3298 430 3343 ex
440 3281 502 3342 hoe
521 3278 642 3342 servilis
655 3277 788 3358 sumpsit
801 3278 892 3358 origo
907 3282 1026 3359 capnt(
1050 3286 1069 3355 ).

349 3386 409 3452 Sed
419 3386 494 3468 quia
506 3385 647 3465 peccavit
659 3386 756 3449 Cham
768 3387 817 3449 vei
832 3388 991 3450 chanaam
1004 3385 1098 3450 medo
1112 3386 1232 3467 servit3

389 3492 443 3573 qui
456 3491 599 3574 sequitur
610 3494 736 3574 Japhet,
750 3497 822 3557 Sem
834 3511 963 3574 quoque
975 3493 1052 3556 liber
1065 3491 1127 3555 erit
1140 3522 1148 3555 ι

348 3605 443 3681 Nam,
458 3599 566 3682 siquis
579 3603 706 3681 peccat,
720 3600 842 3680 peceati
855 3619 965 3666 servus
978 3601 1126 3682 habetur,

387 3724 468 3786 eque
480 3711 543 3770 Deo
555 3691 651 3770 natus
665 3706 797 3770 erimina
808 3712 925 3772 cuneta
939 3707 1040 3788 fugit3

350 3815 417 3875 Non
427 3811 605 3892 peccando,
620 3810 673 3876 nei
683 3815 751 3891 iam
761 3811 845 3876 tilius
856 3831 926 3878 esse
937 3813 1073 3877 docetur

281 4063 311 4106 u)
326 4055 437 4101 alienans
452 4056 478 4099 B.
849 4060 878 4102 (5)
893 4054 910 4099 u
925 4054 1029 4110 sadans
1041 4054 1074 4100 B:

280 4123 309 4166 (ἱ)
322 4117 450 4165 Reiorum?
463 4118 517 4164 (idm
527 4119 552 4163 Β.
889 4135 911 4160 ex
920 4127 955 4160 hee
964 4129 1032 4162 servile
1040 4125 1119 4169 sumpsit
1127 4127 1195 4162 habere
1204 4129 1268 4169 caput.
