2908 4942
691 454 855 514 -sll-

297 580 349 658 ut,
365 579 514 658 prodesse
529 579 636 641 voleus
650 595 688 640 ac
701 579 859 642 delectare
872 581 1045 658 legentem,

298 684 432 747 scribom
447 699 514 746 rem
529 686 667 765 gestam,
682 687 800 748 multos
812 687 978 766 hueusque
991 687 1155 746 latentem.

300 793 379 852 Vera
393 788 434 850 sit
447 807 488 851 an
501 790 597 870 falsa,
612 790 690 854 nihil
701 793 744 854 ed
754 809 824 872 me,
839 792 886 855 sie
895 792 1098 870 memoratur,

298 895 344 958 sie
357 897 499 959 referunt
512 913 641 978 omnes3
656 900 692 962 ut
702 898 854 979 seriptum
865 901 908 975 (t)
922 897 967 960 sio
978 900 1136 959 teneatur.

299 1000 391 1074 Quod
405 1000 431 1064 si
444 1019 529 1082 pars,
544 1005 687 1067 totumve
697 1003 752 1066 tibi
767 1004 875 1068 fiotum
890 1002 1046 1082 videatur,

299 1121 365 1167 uon
379 1107 490 1189 nobis,
507 1111 631 1190 Lector,
646 1113 773 1190 reputes
786 1111 842 1174 sed
852 1110 881 1172 ei
892 1110 1063 1188 tribuatur⁷

299 1215 324 1274 Α
339 1231 402 1293 quo
414 1215 565 1278 materiae
575 1215 712 1296 primum
723 1217 863 1281 manavit
874 1216 981 1296 origo,

300 1337 359 1382 nee
373 1339 432 1386 nos
445 1323 575 1385 alterius
589 1323 682 1386 debet
696 1324 819 1386 luseure
833 1321 957 1402 rubigo.

301 1427 385 1490 Assis
399 1445 491 1510 ergo,
504 1434 585 1492 Deus
599 1431 755 1510 clemens,
770 1429 804 1492 in
816 1431 908 1509 eujus
921 1429 1043 1508 bonore

299 1533 435 1596 sumitur
447 1534 507 1596 iste
520 1535 621 1614 labor,
636 1534 793 1614 solitoque
805 1536 877 1597 tave
889 1531 966 1595 mibi
977 1530 1081 1594 more!

362 1641 440 1705 Urbs
454 1639 514 1702 tuit
528 1640 682 1722 insigniS,
697 1643 819 1705 veteres
832 1658 929 1721 quam
941 1643 985 1715 (2)
997 1637 1212 1716 eonst'tuere,

303 1751 457 1828 lioganus
471 1751 566 1828 atque
579 1750 648 1811 Seia
659 1752 720 1828 (3),
736 1749 854 1810 llumen
866 1746 1035 1826 rivusque,
1050 1743 1167 1806 dedere

302 1857 439 1934 Nomen,
455 1856 488 1916 et
498 1853 572 1916 inde
586 1853 647 1916 luit
659 1853 796 1933 primum
809 1851 970 1933 Mogontia
985 1850 1068 1912 dieta

303 1960 431 2023 nomine
443 1960 639 2042 composite,
654 1979 719 2023 uon
732 1962 780 2022 est
794 1959 925 2022 assertio
939 1959 1024 2020 fieta.

306 2066 361 2128 llic
375 2066 459 2130 cives
473 2071 597 2129 veteres
610 2067 790 2129 monstrant
801 2083 927 2127 murum
938 2064 1090 2128 cecidisse

307 2175 403 2250 atque
414 2171 545 2234 domum
555 2171 640 2250 regis
653 2171 820 2251 perhibent
831 2172 999 2250 aulamque
1014 2172 1126 2253 luisse,

307 2280 403 2357 Cujus
418 2296 535 2340 nomen
549 2281 643 2360 Atos,
658 2276 712 2356 qui
727 2277 816 2356 regni
829 2281 872 2356 (i)
885 2282 1008 2358 sceptra
1026 2283 1152 2342 tenebat

307 2383 367 2446 illis
379 2384 592 2466 temporibus,
607 2402 667 2447 nee
680 2402 802 2446 summa
814 2385 909 2447 laude
923 2385 1063 2449 carebat.

303 2474 375 2572 'lpse
391 2493 441 2555 die
454 2492 592 2573 quadem
603 2540 612 2568 ,
625 2491 719 2555 silvas
731 2491 931 2573 latebrasque
945 2495 1085 2555 terarum

307 2614 380 2660 eum
392 2598 486 2662 sociis
500 2598 640 2679 intrans,
656 2599 813 2660 lustrabat
824 2617 969 2680 quaeque
982 2599 1107 2661 viarum

308 2705 450 2768 venandi
465 2705 592 2786 studio,
608 2705 710 2767 donee
724 2705 772 2768 sol
785 2705 847 2768 ima
859 2705 966 2771 revisit

309 2812 442 2892 atraque
455 2829 522 2874 nox
534 2813 659 2874 eoelum
672 2809 769 2874 subiit
782 2810 949 2892 stellasque
962 2811 1092 2874 remisit.

313 2919 401 2982 Tune
412 2920 531 2982 abeunt
544 2917 645 2998 silvis,
659 2919 755 2997 longe
769 2921 876 2980 tamen
888 2916 965 2979 urbe
978 2923 1019 2996 (5)
1030 2918 1140 2980 remoti
1155 2943 1166 2999 3

312 3025 408 3088 unius
423 3023 596 3105 hospitium
608 3025 747 3086 subeunt
758 3021 894 3087 bominis
906 3021 965 3083 sibi
978 3023 1060 3103 noti,

313 3133 351 3192 Et
362 3129 459 3208 largis
473 3128 575 3209 epulis
587 3130 765 3210 Bacchique
778 3129 900 3210 liquore
912 3127 1022 3206 repleti

313 3239 451 3315 surgunt
463 3253 481 3296 a
495 3251 605 3296 mensa
616 3283 624 3315 ,
637 3233 710 3298 teeti
725 3252 783 3314 pro
797 3237 936 3312 tempore
949 3233 1034 3294 laeti.

311 3347 398 3414 Rex,
412 3345 448 3403 ut
461 3343 557 3406 bomo
571 3341 706 3421 sapiens,
720 3339 817 3402 stellis
829 3341 963 3402 ventura
974 3339 1121 3420 videbat3

314 3448 509 3529 prospiciens
522 3446 618 3526 igitur
631 3445 676 3508 sie
690 3445 757 3508 visa
774 3444 839 3507 suis
853 3447 1029 3508 referebat:

316 3579 332 3612 «
355 3559 418 3617 llae
432 3555 464 3616 in
476 3555 569 3614 noete
578 3550 699 3614 tborisi
713 3569 787 3615 eum
800 3553 949 3616 consorte
960 3553 1128 3632 eubarem,

263 3832 293 3886 (tt
305 3832 323 3874 A
333 3844 340 3884 ;
352 3831 366 3874 ll
378 3841 391 3886 y
407 3843 420 3874 a
431 3831 559 3876 desereire
570 3841 612 3876 ms.
623 3845 630 3876 z
836 3833 865 3888 (5)
879 3833 897 3876 ll
908 3845 921 3888 y
934 3829 1119 3875 selleetlvemeut
1133 3832 1187 3886 pres
1197 3833 1229 3876 de
1240 3834 1350 3887 lluyeuee

259 3913 289 3944 sle
300 3914 381 3945 reserum
389 3913 483 3954 hommem
494 3918 515 3946 ut
524 3912 594 3956 scribo,
604 3914 630 3947 ele
641 3917 736 3954 tenentum
810 3901 841 3937 ¹¹¹¹
854 3895 955 3938 mma
965 3894 1055 3937 ¹¹⁰me
1065 3893 1115 3945 zei)
1131 3895 1241 3939 flummiss
1254 3894 1293 3950 ly,
1301 3905 1349 3949 ΨΘ

236 3979 320 4026 ‹lansB
335 3981 362 4024 et
372 3979 475 4024 scribam
486 3989 508 4026 et
517 3982 573 4026 dans
587 3981 649 4026 Cale
659 3980 771 4025 scribom.
810 3956 843 3999 ¹⁰⁸
854 3955 983 3999 mmmm
993 3954 1060 3999 huns
1067 3953 1177 4009 'ppfflem
1188 3955 1242 4000 σω·

263 4065 292 4119 (2)
306 4066 334 4119 οἱ
348 4066 403 4111 dm
412 4071 475 4112 nom
484 4081 540 4123 ms„
549 4068 605 4113 dm
612 4070 632 4112 Α
643 4072 666 4111 οι
676 4068 731 4112 dm
740 4066 781 4118 ΒΓ
803 4035 808 4090 f
834 4041 861 4096 (l)
873 4041 906 4093 A,
919 4040 936 4084 B
950 4044 973 4083 et
987 4039 1018 4095 (ἔς
1033 4037 1112 4093 maeel
1127 4037 1184 4082 dans
1198 4045 1263 4083 notre
1278 4051 1321 4084 ms.

236 4122 306 4169 boec.
485 4123 491 4136 ⁶
833 4127 863 4182 (5)
879 4126 911 4179 Λ,
922 4125 940 4168 ll
952 4129 974 4170 et
984 4127 1014 4180 (ἔς
1025 4126 1079 4170 Μ
1087 4123 1145 4168 (lans
1156 4131 1218 4170 notre
1229 4137 1274 4170 ms.
