2902 4940
693 473 856 528 -182-

355 596 413 669 Qui
427 596 514 659 ducit
527 598 696 674 conjugem
708 613 743 658 se
756 595 858 674 ipsum
872 600 913 672 (1)
926 597 1055 674 onerat,

356 720 374 763 a
389 703 502 781 c(uj)us
513 718 609 764 onere
620 703 686 765 sola
699 719 785 766 mors
797 705 841 776 (2)
852 699 983 779 liberat,
1064 696 1067 707 '

357 808 404 872 vir
417 807 512 871 servit
525 808 653 890 conjugi
667 812 699 871 et
712 825 794 870 uxor
807 807 957 889 imperat,

357 919 389 978 et
401 933 511 979 servus
524 917 627 979 factus
637 915 750 996 estqui
763 915 842 978 liber
859 916 972 978 fuerat.

273 1111 278 1124 .
358 1060 484 1136 Semper
493 1057 653 1120 laboribus
665 1058 789 1120 labores
803 1058 959 1129 cumulat,

359 1166 391 1225 et
403 1164 492 1225 labor
505 1163 654 1245 praeterit
664 1164 696 1242 (l.
710 1163 849 1232 advenio
860 1166 892 1225 et
901 1163 991 1224 labor
1001 1161 1154 1241 pullulat,

359 1268 425 1348 ipse
438 1270 487 1332 est
500 1268 607 1331 asinus
620 1287 715 1349 quem
730 1286 811 1332 uxor
824 1268 981 1349 stimulat,

361 1377 396 1435 ut
408 1377 517 1454 pascat
528 1374 678 1438 ronanam
691 1392 786 1454 quam
797 1377 877 1438 alter
889 1375 1040 1454 baculat(
1061 1377 1081 1452 ).

361 1519 399 1579 Se
412 1534 505 1596 saepe
518 1520 561 1592 (b)
572 1517 686 1579 mulier
696 1517 853 1580 infirmam
867 1516 980 1580 asserit

323 1701 325 1703 ι
361 1626 393 1684 et
412 1624 518 1689 movet
536 1627 580 1698 (5)
593 1640 745 1685 nauseam
758 1625 926 1703 postquam
939 1623 1136 1704 conceperit,

362 1733 394 1790 et
404 1729 452 1792 vir
465 1729 625 1792 laboribus
639 1746 673 1792 se
686 1731 790 1792 totum
802 1728 918 1808 ingerit
929 1731 990 1810 (6),

364 1838 396 1898 et
408 1838 486 1897 tunc
500 1835 628 1914 incipiet
639 1836 725 1918 quod
737 1836 771 1910 (l.
784 1839 870 1911 cunr)
881 1837 1158 1901 consummaverit.

363 1973 441 2032 Cum
452 1987 502 2032 res
516 1969 706 2050 conjugibus
719 1969 895 2032 succedunt
905 1985 1069 2050 prospere,

364 2092 482 2138 uxores
495 2076 641 2138 asserunt
653 2092 687 2136 se
700 2077 804 2137 totum
818 2076 940 2154 tacere,

365 2181 391 2243 si
405 2181 484 2242 fiant
494 2197 665 2260 pauperes,
679 2181 793 2243 volunt
803 2197 944 2260 arguere.

366 2288 452 2368 quod
464 2288 592 2367 propter
604 2287 750 2350 homines
763 2287 838 2348 sunt
849 2288 952 2350 tactae
964 2289 1004 2366 (7)
1017 2288 1161 2351 miserae.

366 2424 480 2484 Contra
492 2421 676 2501 conjugium
689 2423 738 2482 est
750 2419 918 2499 patientia,

368 2527 458 2589 dolor
469 2525 640 2589 continuus
654 2529 726 2606 post
737 2525 901 2605 puerperia
909 2552 922 2613 3⁸

368 2632 489 2713 experti
501 2635 654 2711 conjuges
668 2633 799 2694 horrent
817 2634 985 2712 conjugia,

370 2739 424 2820 qui
437 2756 565 2802 crucem
577 2740 722 2818 bajulant
734 2742 810 2802 sunt
821 2739 861 2836 in·
869 2738 999 2820 angaria
1012 2744 1022 2820 (
1044 2741 1062 2812 ).

370 2871 480 2935 Marito
492 2871 626 2952 plurima
645 2875 720 2936 sunt
733 2873 931 2954 necessaria,

370 2997 428 3059 pro
440 2996 492 3060 se,
507 2994 564 3057 pro
575 2982 712 3059 conjuge
726 2996 847 3059 proque
858 2979 900 3057 (9)
913 2978 1048 3057 familia,

303 3220 355 3252 'treta
364 3219 440 3259 anagia·
451 3221 478 3251 los
489 3228 556 3258 nomuy
836 3220 865 3262 (9)
881 3215 941 3264 Μθῐῦ
953 3215 1008 3262 8013·

302 3265 360 3296 atvar
370 3263 427 3295 dirrol
436 3263 480 3296 bien
490 3271 526 3303 pur
534 3271 584 3302 qusy
594 3273 598 3292 =

305 3310 333 3340 En
342 3307 400 3339 seinte
409 3307 513 3347 moriptnrc
522 3315 554 3338 nm
562 3307 606 3345 pust
616 3305 654 3345 lyre
838 3297 868 3338 (5)
877 3311 899 3338 ut
906 3307 970 3347 pascui
977 3305 1026 3338 arros
1037 3311 1083 3346 quos
1095 3305 1136 3345 ipra
1145 3305 1223 3348 bajulat.

304 3361 327 3392 qe
336 3351 404 3391 sunsei
412 3352 452 3382 vult
461 3354 516 3382 tauns
524 3359 536 3382 a
544 3351 601 3389 dyre,
996 3373 1001 3382 .
1024 3372 1029 3382 .
1046 3372 1051 3382 .
1289 3374 1294 3384 .

305 3397 360 3429 corne
369 3396 409 3436 culy
421 3395 481 3434 qu'esr
489 3393 526 3426 bon
534 3401 633 3432 messagor,
812 3371 912 3418 Baculai
921 3376 956 3416 esi
968 3383 1014 3426 pil!
1023 3384 1052 3416 lor
1063 3372 1119 3416 dans
1130 3385 1161 3416 un
1173 3383 1225 3416 sem
1234 3373 1352 3430 ῥῐθῐῑίιΰθ,

318 3441 396 3472 uenena
405 3441 459 3472 anona
468 3439 509 3472 rint
517 3438 612 3472 uoueret-
791 3450 792 3454 ¹
811 3435 850 3490 qui
856 3434 914 3478 n'est
920 3445 959 3489 pas
966 3433 1055 3490 indique
1062 3445 1103 3491 par
1109 3434 1139 3478 du
1145 3432 1230 3490 Gange.
1240 3434 1354 3482 hmanas

305 3451 318 3482 o

306 3481 600 3570 ἓξζξξξζξιζῖζῗζζξξξξζζ
811 3508 862 3541 vers
873 3508 898 3540 se
909 3501 987 3540 trouve
996 3495 1045 3552 plus
1054 3497 1105 3548 bas,
1120 3509 1143 3552 p.
1153 3499 1206 3547 18⁴3
1221 3508 1249 3541 ce
1259 3496 1299 3554 qni
1313 3495 1355 3541 tait

308 3575 357 3614 oua:
367 3583 400 3614 par
411 3583 447 3606 eux
455 3581 477 3606 ιιι
485 3573 563 3614 osonapa
812 3558 883 3602 oroire
897 3569 941 3612 quc
960 3557 982 3600 la
996 3556 1059 3612 lacon
1076 3557 1106 3602 du
1119 3567 1161 3602 ms.
1175 3557 1205 3602 de
1221 3557 1255 3603 Η.
1266 3557 1355 3614 witam

307 3620 362 3695 loppa
371 3627 440 3672 rope.
450 3617 469 3650 12
478 3619 533 3651 merci
542 3619 582 3652 1³⁶!
812 3625 845 3663 est
856 3619 877 3663 la
888 3619 1011 3664 meilleure.

352 3671 390 3694 eres
399 3663 427 3694 dit
438 3671 460 3704 qe
472 3662 538 3696 femma
549 3666 577 3696 est
586 3662 643 3704 frelo,

305 3708 360 3748 jana
369 3708 404 3740 sou
413 3707 465 3740 aaa
474 3707 526 3748 num
837 3692 866 3735 (Α)
881 3685 972 3745 Semper
981 3700 1015 3733 se.

306 3754 398 3786 murenae
407 3751 435 3784 dit
443 3760 479 3791 que
487 3752 515 3784 alo
524 3753 552 3784 ast
560 3751 674 3792 channenbla
683 3775 687 3790 .
941 3766 946 3776 .

306 3797 369 3837 sance,
381 3796 417 3828 tole
429 3797 544 3836 ornovab103
839 3768 869 3816 (5)
882 3765 966 3809 vomit.

309 3842 370 3874 Jobon
378 3840 407 3872 on
415 3848 438 3882 qe
447 3839 474 3871 elo
486 3842 513 3872 art
522 3847 631 3872 coronsourc
640 3862 651 3881 „
785 3883 787 3886 Ι
837 3835 865 3879 (6)
879 3834 908 3880 sp
919 3833 994 3879 multis
1007 3835 1091 3879 puerit,

839 3906 869 3951 (7)
883 3905 992 3961 GonJ'uges
1003 3909 1054 3950 sunt
1064 3903 1135 3959 ipsae.

840 3987 869 4029 (8)
883 3983 945 4028 Getta
962 3981 1051 4040 stropha
1067 3991 1164 4037 nanque
1182 3981 1238 4026 dans
1254 3979 1278 4026 le
1298 3982 1358 4024 texte

307 4064 358 4098 uun
367 4063 404 4096 nna
413 4061 488 4103 (σῃ)
499 4061 530 4102 ny,
540 4062 604 4094 sauna
614 4060 671 4094 runa
814 4045 840 4089 de
854 4045 886 4090 Μ.
896 4043 992 4100 Wrigbt.

268 4135 297 4178 (()
311 4129 391 4174 Nimis.
841 4125 870 4171 (9)
883 4123 917 4166 Ao
931 4133 979 4180 pro.
