2914 4944
546 463 711 519 -367-

78 589 150 651 rent
163 587 204 668 (t)
217 587 289 649 c'on
308 584 402 648 ieroit
423 583 462 648 de
479 583 535 646 lui.
550 587 588 646 ut
603 585 845 648 entrementiers
864 585 1073 666 Vespasianus
1093 583 1188 648 estoit

77 711 175 759 venua
195 693 334 776 prendre
353 691 468 772 congio
488 709 506 754 a
526 692 650 755 Gesaire
674 692 714 755 de
737 692 893 755 destruire
916 695 1005 756 toute
1026 692 1133 756 Yudee
1156 696 1189 755 et

76 800 246 863 Jerusalem
256 801 376 863 ettous
388 797 574 861 chiauskila
585 797 772 879 habitcient,
785 801 817 861 et
830 800 879 860 iut
890 797 1005 880 apielcs
1017 817 1056 862 au
1069 799 1186 861 conscii

78 905 132 970 dea
145 907 304 987 prinches.
318 909 358 970 ut
370 905 519 986 (Pylates)
541 905 575 966 iu
596 904 810 986 condempnes
825 904 865 968 de
883 907 967 968 laide
989 909 1090 987 mort,
1116 909 1149 968 et
1166 905 1189 968 li

77 1015 165 1078 avale
180 1031 223 1077 on
237 1031 283 1077 un
300 1011 419 1078 coutiel
436 1029 472 1076 es
490 1011 572 1094 joies
585 1013 670 1092 (sic),
691 1014 724 1073 et
742 1011 924 1093 l'estrangla
940 1030 994 1093 on,
1013 1016 1046 1075 et
1058 1014 1149 1094 colpa
1160 1014 1191 1077 la

79 1135 179 1201 porge
191 1121 425 1199 crueusement,
434 1121 467 1182 et
475 1117 546 1199 puis
556 1119 587 1180 le
598 1120 677 1180 teste
685 1120 774 1181 toute
783 1116 842 1198 vis,
856 1121 889 1182 et
899 1117 952 1180 fist
961 1119 1041 1180 molt
1051 1117 1190 1198 putefin.

79 1227 115 1286 ut
129 1226 207 1304 qant
228 1223 367 1286 Cesaires
386 1221 432 1284 vit
450 1223 481 1283 le
501 1221 586 1283 mort
607 1218 731 1301 Pylate,
746 1219 768 1281 il
782 1219 865 1282 dist:
884 1244 899 1279 ι
916 1219 1095 1284 Vraiement
1110 1223 1131 1284 ii
1145 1225 1195 1285 est

81 1345 168 1392 mors
185 1327 225 1390 de
242 1331 307 1389 tres
320 1325 403 1388 laide
422 1328 523 1406 mori,
536 1341 578 1386 ne
595 1341 629 1386 se
642 1341 757 1404 propre
775 1324 879 1387 mains
893 1342 933 1388 ne
946 1325 986 1387 l’a
999 1326 1062 1389 mie
1080 1343 1194 1405 espar-

81 1433 166 1515 gnie.
183 1455 199 1490 a
215 1437 273 1498 Gar
286 1433 308 1496 il
325 1429 447 1496 s’estoit
459 1430 558 1494 aidica
577 1433 691 1494 atuer.
714 1433 752 1492 Et
771 1431 806 1492 iu
824 1431 902 1496 loies
922 1451 940 1495 a
961 1449 1026 1497 une
1048 1435 1154 1496 muele
1172 1435 1194 1497 li

82 1555 165 1622 cors,
185 1541 218 1602 et
236 1540 286 1601 fut
305 1536 387 1620 jete's
406 1553 448 1599 eu
471 1554 515 1599 un
535 1535 637 1598 iiucve
655 1536 727 1598 c'on
745 1534 844 1615 apieIe
864 1538 1042 1618 Tyberium.
1067 1539 1194 1604 Malvais

82 1640 167 1722 espir
178 1643 211 1704 et
221 1643 284 1721 ort,
296 1638 328 1702 ki
340 1640 453 1701 eurent
461 1637 527 1717 joie
542 1636 581 1698 de
599 1635 625 1699 si
640 1634 770 1700 malvais
790 1653 872 1718 cors,
888 1638 1027 1701 ravirent
1039 1640 1068 1700 le
1080 1656 1151 1704 cors
1164 1645 1196 1704 et

82 1748 112 1810 le
125 1747 289 1827 porterent
301 1761 321 1806 a
334 1745 365 1806 lc
377 1743 418 1808 tie
429 1744 507 1820 (sic),
519 1731 576 1820 par
589 1740 632 1803 mi
645 1741 712 1802 cele
721 1740 802 1822 iave,
812 1746 845 1803 et
856 1741 1004 1804 iaisoient
1016 1746 1198 1809 esmouvoir

83 1851 129 1912 les
140 1848 253 1927 andes,
268 1846 466 1922 con(l.com)
479 1845 614 1906 cheiust
627 1843 756 1925 limera,
772 1845 936 1910 etalcsois
945 1849 975 1910 le
989 1849 1150 1928 portoient
1163 1870 1198 1916 es

84 1971 178 2033 nuce,
200 1955 232 2014 et
251 1950 350 2012 adoni
371 1948 480 2014 venoit
499 1965 563 2011 une
582 1951 735 2026 tempesta
750 1949 790 2010 de
805 1948 981 2029 tonnciles,
1001 1950 1041 2013 de
1055 1953 1149 2031 gresii
1168 1956 1202 2016 et

84 2053 271 2135 d’esclistre,
282 2053 379 2133 sique
391 2054 437 2116 les
449 2070 527 2132 gens
541 2070 581 2114 en
593 2051 721 2115 avoient
732 2056 826 2131 grant
838 2070 927 2133 peur.
944 2057 1028 2117 Doni
1039 2055 1059 2117 li
1067 2057 1200 2121 Romain

85 2161 203 2222 curent
225 2157 356 2240 conseil,
382 2161 415 2222 et
435 2159 599 2220 l’osterent
621 2158 661 2219 de
681 2159 728 2219 cei
751 2158 865 2238 iiueve,
887 2161 930 2239 et,
953 2160 1037 2223 aussi
1055 2179 1127 2224 com
1145 2181 1202 2244 par

87 2266 247 2345 dirrisicn‚
261 2267 291 2328 le
298 2267 437 2345 jeterent
447 2283 488 2330 en
503 2265 655 2345 Rodano,
675 2282 719 2326 un
732 2266 824 2327 autre
836 2265 937 2330 iineve
950 2267 981 2330 ki
994 2269 1046 2332 n'a
1058 2270 1148 2349 point
1161 2273 1202 2335 de

89 2374 179 2454 iona,
199 2371 319 2434 ainsva
329 2374 461 2452 jusques
477 2389 517 2433 en
529 2371 632 2433 iniier.
654 2373 693 2430 ut
714 2369 734 2430 li
756 2370 829 2449 lius,
844 2371 874 2431 ia
889 2389 911 2432 u
923 2374 1005 2435 onle
1014 2375 1093 2456 jeta,
1108 2377 1204 2440 estoit

91 2475 208 2557 apieies
226 2473 288 2536 lius
308 2474 348 2536 de
363 2474 561 2553 maleichon,
582 2476 615 2532 et
631 2489 689 2550 par
708 2471 790 2536 droit
809 2473 820 2534 i
841 2473 1010 2537 devoit-on
1031 2477 1104 2540 bien
1121 2481 1206 2558 ieter

92 2582 136 2644 lea
152 2576 278 2641 meldis.
296 2579 335 2638 ut
351 2573 477 2638 couroit
494 2591 535 2636 en
554 2575 641 2637 coste
656 2591 719 2636 une
738 2576 801 2636 cite
819 2574 1004 2654 c’on‘apiele
1016 2580 1206 2658 Inqemicffl)

95 2689 124 2748 et
141 2684 210 2750 valt
222 2683 334 2745 autaut
345 2679 485 2759 ingemia
499 2695 571 2742 com
583 2679 654 2743 voie
670 2680 813 2760 d'yniier.
836 2679 911 2742 Mais
929 2682 974 2744 ies
994 2701 1074 2764 gens
1089 2685 1127 2748 de
1141 2688 1208 2750 cele

96 2789 155 2852 cite
169 2803 213 2852 ne
231 2787 366 2865 peureni
384 2783 513 2847 souffrir
529 2783 559 2843 le
577 2799 678 2861 pueur
697 2798 738 2843 ne
760 2783 790 2842 le
811 2781 1072 2863 destempranche
1086 2789 1126 2852 de
1138 2791 1208 2853 l’air

97 2906 137 2952 ne
146 2886 344 2952 I’abitement
355 2884 411 2948 des
421 2882 553 2947 malvais
564 2882 674 2963 espirs,
687 2885 719 2944 et
729 2883 886 2962 prisentle
900 2902 972 2946 cors
984 2886 1024 2948 de
1036 2889 1208 2973 melichon,

99 2994 131 3052 et
142 2988 379 3068 l’emporterent
394 2985 547 3048 ensevelir
559 3003 578 3048 a
589 2989 743 3047 Losanne.
760 2988 798 3047 ut
817 2984 856 3048 cil
878 2988 1012 3050 autressi
1024 3007 1065 3053 ne
1077 2999 1212 3070 peurent

100 3093 207 3156 soiirir
217 3093 264 3154 ies
275 3107 384 3153 assaus
394 3089 450 3151 des
460 3089 600 3170 dyables,
612 3086 644 3150 ki
656 3090 705 3150 tus
717 3087 766 3150 dis
775 3087 911 3152 estoient
923 3092 1075 3156 entourle
1086 3112 1168 3179 cors,
1179 3103 1213 3162 et

101 3195 263 3276 leprisent
275 3194 492 3273 etleJ’eterent
506 3209 545 3254 en
565 3210 610 3254 un
629 3210 692 3271 puc
711 3191 790 3254 molt
806 3194 949 3275 partont,
969 3197 1041 3258 tout
1061 3196 1213 3265 avironne

103 3298 143 3360 de
155 3314 252 3376 grans
264 3296 476 3375 montaignea
489 3298 521 3358 et
532 3312 659 3376 encore,
674 3294 699 3356 si
714 3312 785 3360 com
796 3295 937 3374 pluiseur
950 3303 1119 3363 recontent
1128 3303 1215 3365 voit-

132 3561 331 3619 (immutarent,
351 3559 502 3613 Debattirent3
514 3558 541 3602 dc
557 3557 643 3602 i’isian-
680 3557 788 3602 coniondu
807 3559 827 3602 la
846 3560 926 3605 riviere
939 3563 1120 3620 (vigenuaiarec
1130 3568 1150 3612 la
1165 3571 1216 3616 viiie

108 3626 154 3670 daia
165 3623 244 3675 serto,
259 3623 353 3668 Guerra.
679 3619 797 3675 (Vienna),
812 3627 835 3665 et
849 3628 908 3666 cette
926 3624 1039 3668 confusion
1061 3626 1095 3670 n‘a
1112 3640 1142 3684 pu
1154 3635 1216 3678 avoir

134 3688 163 3743 (a)
177 3685 241 3731 Veici
258 3685 278 3730 ie
296 3693 389 3740 passage
401 3681 573 3737 correspondent
586 3681 613 3725 de
624 3680 645 3724 ia
680 3681 724 3725 lieu
735 3694 779 3736 que
787 3683 875 3738 lorsque
885 3684 905 3727 ia
915 3683 995 3740 langue
1006 3698 1098 3732 romane
1107 3689 1176 3736 ieura
1188 3707 1216 3738 eu

111 3747 197 3792 reraiaa
210 3747 278 3791 iatine
292 3759 298 3790 z
315 3746 463 3802 Quapropter,
483 3742 646 3787 communicato
681 3743 780 3787 donatia
790 3747 861 3788 meme
869 3745 942 3788 nemi
953 3751 1024 3791 tontes
1036 3748 1066 3792 ies
1077 3749 1144 3795 deux.
1156 3755 1218 3799 Nous

111 3807 261 3853 Romanarum
284 3805 388 3859 consilio,
411 3817 424 3848 a
441 3804 515 3848 Tiberi
535 3808 648 3848 resumtua
683 3806 786 3860 ignorans
797 3805 868 3860 quelle
882 3813 916 3850 est
929 3805 1049 3864 i‘iaqemia
1060 3811 1087 3855 de
1098 3811 1118 3855 ia
1131 3816 1236 3861 version‘

112 3869 191 3925 aurio,
207 3868 273 3925 quasi
293 3867 411 3912 derisionis
432 3871 514 3920 causa,
533 3864 648 3920 vigennae
684 3865 806 3922 iruucaisa3
820 3868 838 3910 si
856 3867 876 3911 le
892 3879 934 3912 rns.
952 3869 1027 3914 n’etait
1039 3883 1079 3926 pas
1092 3873 1147 3918 e'crit
1163 3889 1219 3921 arec

114 3930 355 3985 commiserationem
362 3927 430 3972 iiuaio
437 3926 583 3983 immergitur,
590 3927 649 3980 quod
684 3928 800 3984 beaucoup
818 3929 845 3972 dc
863 3930 923 3983 sein,
940 3941 995 3975 nous
1015 3933 1099 3977 serious
1118 3937 1177 3981 iente
1194 3938 1221 3983 de

114 3992 227 4049 vigenna,
241 3992 306 4048 quasi
316 3991 352 4036 ria
367 3989 487 4035 (iehenuae
498 3993 648 4044 nuncupatur.
685 3989 756 4034 croire
774 4003 818 4046 que
837 3991 856 4035 ie
877 3995 937 4047 point
958 3998 992 4036 est
1009 3995 1054 4038 mai
1069 3995 1132 4052 piace
1145 4009 1185 4043 aur
1201 4001 1222 4043 ia

114 4054 183 4099 Locus
196 4055 255 4100 enim
269 4052 384 4097 dicebatur
400 4050 565 4096 maledictionis.
580 4050 649 4093 L'au-
685 4051 792 4106 premiere
808 4052 872 4096 lettre
886 4059 908 4097 et
921 4052 974 4108 qu’ii
986 4055 1072 4101 devrait
1090 4061 1138 4102 cuc
1150 4059 1225 4107 eiiace

115 4122 163 4160 taur
176 4117 203 4160 dc
217 4120 276 4163 cette
295 4114 383 4158 version
397 4125 424 4166 a,
443 4124 529 4158 comme
544 4124 573 4157 on
591 4113 645 4163 voit,
684 4113 711 4156 de
724 4113 745 4156 iu
758 4113 871 4158 troisieme
881 4115 971 4170 syllaba.
