2892 4940
574 484 735 540 —153-

101 595 196 678 taire,
223 615 266 660 on
291 615 331 662 ne
354 617 388 662 se
410 601 473 664 soit
493 606 648 682 persuade
660 607 899 675 benevolement
920 632 983 694 que
1003 619 1151 684 l'lromme
1164 624 1209 687 les

98 698 171 762 crde
185 698 204 762 a
218 718 252 762 sa
267 703 356 781 guise
369 723 425 784 par
438 725 483 768 un
501 712 572 772 acte
590 709 629 772 dc
643 727 678 772 sa
692 714 981 794 toute-puissance.
1007 724 1154 788 Godeiroi
1170 728 1210 790 de

96 803 324 888 Saint-Victor,
340 826 383 872 un
402 808 540 874 derivain
563 815 601 876 de
623 813 653 877 la
674 820 812 882 seconde
825 823 933 886 moitie
955 827 999 889 du
1017 833 1082 892 1111θ
1096 830 1208 913 siecle,
1242 863 1245 870 ·

95 924 116 967 a
132 906 179 971 dit
193 907 272 971 dans
286 929 329 973 un
342 920 455 992 potme
468 932 584 980 encore
596 919 714 1003 incdit,
730 922 855 988 intitulc'
870 927 950 992 Fons
958 933 1183 1016 philosophiae:

235 1089 419 1154 Praesident
430 1093 479 1155 his
493 1095 589 1158 etiam
602 1099 656 1178 qui
669 1099 731 1162 hoc
743 1108 931 1167 meruerunt

235 1180 268 1257 et
281 1196 334 1275 qui
348 1195 550 1277 singulariter
563 1202 698 1282 gratiam
710 1207 903 1291 hauserunt,

234 1305 326 1382 cujus
339 1307 445 1384 partes
459 1307 527 1371 aliis
541 1327 667 1390 quoque
683 1315 906 1398 contulerunt,

233 1408 313 1471 nihil
327 1411 411 1473 enim
425 1414 587 1494 possident
599 1419 686 1497 quod
700 1437 765 1482 non
779 1426 980 1503 acceperunt.

234 1561 350 1625 Sedent
364 1564 553 1628 eminentius
564 1568 647 1630 inter
659 1571 718 1635 hos
732 1573 902 1651 pincernae

236 1671 358 1732 veteres
370 1671 541 1735 memoriae
554 1673 611 1737 viri
624 1677 847 1760 sempiternae,

235 1775 350 1854 quibus
361 1777 581 1839 multitudines
593 1780 732 1842 assident
744 1784 934 1866 modernae,

236 1880 353 1943 hausta
367 1899 494 1961 quoque
509 1883 628 1962 gratiae
640 1886 739 1950 saturi
753 1905 908 1968 supernae
921 1889 980 1971 (1),

94 2057 129 2115 et
144 2055 175 2116 le
189 2055 311 2135 copiste
323 2055 377 2137 qui
390 2075 473 2121 nous
482 2060 522 2122 l'a
536 2061 699 2144 conserve,
717 2081 735 2126 3
750 2064 828 2128 ecrit
846 2083 886 2128 cn
900 2084 1026 2149 marga,
1040 2068 1211 2148 probable-

93 2162 187 2221 ment
199 2158 278 2222 dans
291 2161 321 2222 le
331 2165 395 2224 1111·Ξ
406 2161 514 2244 siecle,
531 2167 671 2247 alapiam·
681 2171 802 2232 arctam.
819 2173 866 2266 (ln
879 2171 916 2233 lit
928 2174 1008 2238 dans
1020 2191 1083 2236 une
1096 2175 1211 2235 lamen-

94 2262 199 2324 tation
220 2281 274 2325 sur
296 2265 341 2326 les
366 2263 532 2330 desordres
546 2270 585 2332 de
600 2265 725 2353 l'dglise
738 2279 797 2357 (2),
823 2277 997 2356 attributio,
1013 2276 1137 2357 d'apres
1155 2277 1210 2338 des

95 2368 369 2448 rcnseignements
383 2373 641 2459 tres-sultisants,
657 2377 676 2440 a
689 2382 829 2444 Bernard
841 2383 880 2445 de
893 2382 1003 2447 Corbie
1016 2382 1070 2463 qui
1081 2379 1210 2446 vivaitd

96 2475 126 2536 la
142 2473 189 2538 fin
203 2474 247 2538 du
260 2478 310 2537 ΧΙο
324 2475 438 2541 siecle:

369 2639 438 2698 lam
451 2635 488 2698 fit
499 2637 651 2714 magister
663 2641 779 2704 artium

370 2739 423 2818 qui
438 2739 540 2802 nescit
552 2743 667 2820 quotes
680 2744 819 2821 partium

412 2841 451 2902 de
462 2860 537 2907 vero
551 2845 758 2908 fundamento
773 2874 780 2906 ι

371 2943 489 3007 habere
502 2964 620 3010 nomen
632 2948 766 3031 appetit,

371 3065 438 3111 rem
452 3067 528 3112 vero
539 3069 599 3114 nec
610 3055 703 3116 curat
715 3072 774 3118 nee
787 3055 865 3136 seit,

411 3153 558 3216 examine
570 3159 731 3220 contento.

368 3309 435 3368 lam
452 3307 534 3370 fiunt
546 3311 753 3396 baccalaurii,

369 3426 426 3488 pro
440 3428 571 3474 munere
586 3413 706 3476 denarii

302 3553 306 3561 -
408 3532 504 3593 quam
516 3518 623 3596 plures
634 3517 773 3582 idiotae:

370 3617 403 3679 in
417 3617 554 3701 artibus,
569 3622 609 3684 ab
623 3621 693 3684 aliis

129 3868 158 3922 (1)
175 3869 202 3914 Β.
215 3871 244 3914 a.
260 3867 321 3912 ionds
333 3869 360 3912 de
372 3859 535 3920 Salat-Victor,
549 3871 639 3920 30911,
676 3866 794 3912 Ecclesiae
806 3868 881 3922 alala,
895 3881 916 3926 p.
932 3872 985 3922 1⁰¹3
1000 3865 1103 3922 wolfius,
1121 3868 1213 3912 Laelia-

103 3927 171 3985 tola,
181 3941 259 3980 verso,
274 3933 295 3972 et
305 3933 392 3984 nollo,
405 3927 443 3973 iol.
454 3933 506 3981 258,
516 3939 588 3972 verso.
676 3941 733 3972 nam
754 3927 941 3974 memorabilium
960 3935 977 3972 ι.
997 3931 1020 3986 l,
1039 3942 1062 3987 p.
1077 3935 1130 3986 tle,
1150 3927 1213 3974 Wal-

101 4012 643 4131 „stttratrrrtatrtaaat
676 3989 1214 4109 aa‚laartntalmllu

101 4136 238 4191 collealtum
260 4147 330 4191 rayca
354 4135 457 4186 Flaaias.
477 4136 510 4181 Da
534 4139 642 4193 corrupto
678 4111 848 4160 divafflmass
857 4113 1089 4171 ”eilmefflmffl‘v
1103 4115 1187 4170 lim*
