2892 4940
719 465 881 524 ..prg-

283 598 324 658 La
344 593 495 658 huitieme
515 599 557 675 (1)
580 596 628 656 est
649 593 796 657 adressee
819 611 861 656 au
883 597 965 672 Papo
988 594 1020 654 et
1042 609 1060 654 a
1084 590 1135 654 ete
1152 591 1276 672 puhlie'e
1299 609 1351 673 par

242 702 363 764 Flacius
376 701 517 783 lllyricus
527 705 587 781 (2),
601 718 658 780 par
671 705 785 781 Leyser
799 700 842 776 (3)
854 702 954 779 etpar
966 702 1004 762 Μ.
1018 697 1143 778 Wright
1155 701 1217 779 (t),
1234 698 1351 761 dontio

243 808 341 886 texte,
356 821 491 886 presque
502 805 708 869 entierement
726 807 891 868 conforme
904 823 945 868 au
959 803 1134 867 manuscrit
1147 805 1187 866 de
1199 805 1230 866 la
1245 803 1351 867 Biblio

242 906 358 990 theque
370 910 495 990 myrto,
509 911 558 972 est
570 907 806 988 generalement
820 910 884 972 fort
896 909 961 972 bon
971 909 1030 986 (5).

281 1044 323 1101 La
337 1037 502 1102 neuvieme
513 1040 554 1118 (6)
566 1041 615 1100 est
627 1036 771 1100 intitulee
786 1038 865 1100 dans
878 1039 971 1101 notre
981 1036 1154 1100 manuscrit
1166 1037 1306 1100 Gcltmu
1317 1039 1351 1100 de

242 1146 348 1209 Insula
355 1145 537 1226 praedicans
550 1145 712 1207 scolaribus
725 1145 807 1206 bonis
820 1147 853 1206 ia
872 1147 969 1208 reditu
989 1165 1041 1206 suo
1060 1165 1080 1207 a
1100 1145 1196 1207 Curia
1208 1163 1349 1225 romane,

241 1256 274 1315 et
288 1270 321 1315 se
335 1256 447 1315 trouve
469 1250 564 1314 d'une
583 1251 723 1316 maniere
736 1250 998 1316 tres-incorrecte
1011 1252 1090 1316 dans
1102 1268 1167 1314 une
1181 1253 1273 1314 autre
1287 1269 1349 1331 pu-

241 1355 391 1420 blication
404 1355 444 1418 de
457 1359 496 1418 h.
510 1355 633 1435 Wright
644 1360 703 1436 (7)3
717 1358 748 1418 la
761 1354 913 1435 premiere
924 1357 1054 1435 strophe
1067 1375 1087 1436 y
1100 1370 1240 1434 mauque
1254 1380 1262 1415 ι

374 1495 414 1558 Ut
426 1493 566 1555 membra
580 1491 771 1555 cohaereant
784 1491 919 1556 invicem
933 1509 1006 1556 cum
1020 1492 1137 1570 capite,

374 1595 510 1678 gaudete
522 1597 554 1662 in
567 1598 720 1679 nomino,
735 1598 819 1661 diem
831 1601 946 1662 festum
958 1599 1059 1680 agite,

374 1705 489 1770 hilares
502 1709 536 1768 et
548 1703 644 1768 sobrii
655 1723 730 1770 cum
742 1707 896 1786 propheta
910 1705 1004 1770 dicite
1017 1733 1025 1768 ι

322 1866 324 1876 ,
372 1816 502 1876 Laetare
513 1813 709 1878 Jherusalem
722 1815 755 1876 et
767 1817 960 1878 conventum
974 1815 1077 1880 tacite.

275 1962 365 2025 Enfin
387 1965 417 2025 la
440 1963 575 2028 dixieme
596 1965 638 2041 (8)
661 1968 793 2028 estune
817 1967 998 2031 traductiou
1020 1987 1107 2033 assez
1132 1973 1278 2056 elegante
1301 1983 1343 2046 du

233 2083 363 2145 psaume
384 2085 418 2148 n,
442 2083 504 2146 que
528 2085 611 2130 nous
633 2084 770 2148 croyous
793 2069 926 2152 inedito,
948 2076 981 2135 et
1003 2073 1082 2137 dont
1100 2095 1182 2144 nous
1203 2082 1347 2149 citerons

232 2185 356 2232 comme
368 2167 525 2249 specimen
537 2170 583 2232 les
595 2173 708 2250 quatre
722 2171 890 2251 premieres
904 2177 1049 2257 strophes
1063 2207 1071 2244 ε

503 2312 583 2370 Dum
596 2310 739 2372 Galterus
754 2315 935 2390 aegrotaret

503 2415 535 2475 et
548 2415 719 2492 aegrotans
731 2411 888 2494 cogitaret

545 2521 633 2601 quod
645 2520 780 2584 advitae
792 2519 962 2585 terminum

502 2625 671 2688 vocaretur
683 2639 702 2684 a
716 2625 866 2704 potente,

500 2729 588 2790 metu
604 2725 715 2788 mortis
728 2725 928 2808 imminente,

539 2828 698 2894 invocavit
709 2829 886 2894 nominum.

502 2957 648 3020 Miserere
660 2956 741 3037 mei,
761 2959 859 3038 Deus,

498 3059 574 3140 quia
586 3059 693 3140 miser,
708 3059 783 3139 quia
796 3060 888 3122 reus!

539 3163 731 3226 heliotorum
744 3167 833 3228 oneri

499 3268 595 3343 atque
606 3266 686 3343 jugo
700 3267 890 3345 subjugatus
903 3315 911 3347 ,

499 3365 541 3428 ad
554 3367 586 3428 te
599 3367 716 3430 clamat
727 3371 872 3449 epulatus

536 3469 570 3532 in
589 3472 746 3535 fermento
758 3475 867 3538 veteri.
945 3525 948 3532 .

252 3697 282 3752 (1)
296 3695 341 3740 ror.
354 3699 395 3749 ta,
409 3707 486 3752 verso,
501 3697 541 3742 cot.
555 3703 574 3742 ι.
797 3699 853 3743 dans
864 3700 884 3744 te
896 3713 937 3746 ms.
950 3703 977 3748 da
989 3703 1088 3762 ieipsick
1100 3709 1173 3765 pubiie
1191 3725 1233 3769 par
1246 3715 1338 3774 heym,

252 3770 281 3824 (et
294 3768 328 3812 De
337 3770 448 3824 corrupto
457 3767 576 3813 Ecclesiae
588 3771 663 3823 stote,
675 3783 697 3826 p.
708 3775 730 3814 9.
796 3759 819 3804 ui
830 3762 884 3806 dans
896 3764 954 3808 cetui
963 3766 990 3811 de
1000 3767 1073 3812 Paris.

250 3839 279 3895 (5)
307 3837 416 3884 historic
434 3842 568 3894 poematum
593 3843 616 3882 et
635 3842 760 3894 poetarum
822 3831 850 3887 (6)
865 3831 912 3878 Fol·
925 3839 962 3890 ⁴⁵,
975 3847 1053 3893 verso,
1066 3839 1107 3884 cot.
1121 3845 1140 3884 r.

223 3900 299 3946 medii
309 3898 378 3953 ceci,
392 3911 413 3955 p.
426 3903 474 3946 779.
820 3902 849 3959 (7)
862 3903 979 3949 Ameriola
995 3905 1122 3961 literaria,
1139 3923 1160 3968 p.
1174 3917 1214 3968 (ις
1229 3915 1262 3960 ies
1274 3929 1337 3974 qua.

249 3969 483 4028 (⁴)1m0m,p,57,
795 3970 860 4008 rante
879 3966 937 4010 deux
957 3967 1056 4014 derniers
1074 3981 1125 4016 vers
1143 3973 1170 4018 de
1192 3975 1291 4024 t’cditicn
1310 3981 1337 4025 de

249 4042 278 4097 (5)
298 4040 341 4085 Les
361 4039 413 4084 trois
433 4039 553 4096 premieres
573 4039 674 4095 atrophos
691 4049 719 4081 ne
734 4050 759 4084 ω
795 4025 827 4072 Μ.
835 4025 920 4084 Wright
930 4035 1048 4086 manquent
1057 4029 1113 4077 dans
1122 4033 1143 4080 ie
1153 4049 1194 4082 ms.
1203 4038 1232 4084 dc
1241 4038 1263 4084 ia
1272 4039 1300 4087 B.
1308 4042 1335 4088 n.

223 4107 325 4148 trouvent
344 4102 366 4146 ni
387 4102 443 4146 daus
457 4103 478 4148 le
493 4107 554 4146 terte
566 4102 594 4146 de
611 4101 713 4154 Fluctus,
736 4103 758 4144 ni
820 4108 850 4162 (a)
863 4107 909 4152 Ful.
919 4110 960 4164 rt,
974 4120 1049 4164 verso,
1064 4111 1106 4156 coi.
1118 4119 1140 4158 r.
