2892 4940
733 503 892 556 -110-

533 624 601 685 Vita
614 626 740 706 mundi,
756 629 824 688 Vita
839 626 920 690 follis
933 631 989 706 (t),

533 727 600 787 vita
614 727 683 789 vilis
697 731 791 808 atque
805 729 925 808 mollis,

533 849 605 892 cum
620 835 655 893 tu
668 833 711 894 sis
724 833 807 895 iners
821 837 853 895 et
866 835 967 916 radis,

533 939 671 999 mentem
683 955 786 1001 meam
801 955 858 1002 eur
872 939 1015 1002 deludis?

532 1085 600 1147 Vita
613 1087 739 1167 mundi,
752 1105 802 1150 res
816 1089 997 1169 immunda,

533 1191 607 1252 solis
619 1190 721 1270 impiis
731 1193 890 1272 jocunda,

533 1294 760 1357 nutrimentum
773 1297 939 1377 vitiorum,

532 1399 608 1476 quid
622 1401 720 1462 hahes
731 1401 763 1461 in
774 1418 825 1462 me
839 1402 1013 1465 decorum?

532 1548 601 1609 Vita
614 1549 743 1630 mundi,
758 1568 809 1612 res
823 1551 958 1632 lasciva,

534 1656 647 1734 hebes,
663 1673 757 1717 caeca
771 1658 803 1718 et
814 1657 953 1736 captiva,

533 1757 750 1822 immunditiae
763 1761 893 1841 lagena,

532 1883 630 1944 quare
644 1867 781 1929 crederis
794 1873 949 1931 amoena?

533 2013 601 2074 Vita
615 2013 737 2093 mundi,
751 2030 801 2074 res
814 2014 961 2090 molesta,

534 2117 602 2178 Vita
616 2116 716 2195 turpis
729 2120 762 2178 et
774 2117 894 2179 incesta
907 2164 915 2195 ,

533 2238 607 2282 eum
621 2221 663 2282 sis
674 2221 767 2283 nimis
778 2220 984 2299 inth)onesta‚

534 2323 610 2403 quid
623 2342 674 2386 me
688 2324 807 2404 appetis
820 2323 955 2386 intesta?

533 2471 601 2534 Vita
615 2474 745 2552 mundi,
760 2491 811 2534 res
824 2473 987 2552 mendica,

532 2574 689 2653 impotens
701 2579 733 2636 et
746 2574 921 2656 impudica,

532 2697 605 2741 cum
619 2679 661 2742 sis
674 2680 765 2743 bonis
778 2680 921 2760 inimica,

532 2803 589 2846 eur
602 2803 653 2847 me
667 2785 744 2864 petit
756 2787 789 2862 (l.
801 2785 891 2864 petis)
904 2789 940 2846 ut
951 2783 1051 2846 amica
1062 2790 1073 2845 P

531 2937 600 3000 Vita
613 2938 735 3018 mundi,
749 2954 800 2998 res
814 2953 938 3017 amara,

531 3039 598 3101 Vita
610 3040 713 3105 brevis
724 3045 819 3119 atque
830 3058 918 3120 rara,

480 3159 481 3162 ’
532 3161 605 3206 eum
618 3145 660 3206 sis
671 3148 739 3206 tota
751 3147 842 3222 plena
859 3145 951 3223 dole,

532 3266 588 3309 eur
602 3248 635 3308 in
649 3251 680 3308 te
693 3247 798 3309 vivere
809 3248 901 3310 volo?

531 3396 599 3457 Vita
612 3395 740 3475 mundi,
755 3395 824 3456 Vita
837 3397 919 3456 mala

532 3506 563 3564 et
577 3502 610 3563 in
624 3500 740 3563 hermis
753 3503 795 3578 (2)
806 3517 899 3580 saepe
910 3499 985 3581 sita,

532 3624 605 3670 cum
619 3612 655 3669 tu
668 3622 790 3686 semper
802 3603 963 3685 moriaris,

532 3713 608 3794 quid
619 3714 652 3776 in
666 3731 716 3775 me
731 3715 814 3774 stare
828 3709 973 3772 conaris?

287 3931 317 3988 (1)
328 3931 412 3976 G'estle
419 3931 513 3986 celatque
523 3928 570 3982 Ful,
582 3927 619 3984 qut
628 3927 680 3971 s’est
688 3925 794 3969 conserve
831 3935 866 3967 ma
885 3922 952 3967 verbo
972 3923 1055 3966 rustico
1075 3923 1197 3992 appellasti.
1220 3925 1281 3971 Nous
1299 3938 1367 3972 avons

257 4005 288 4038 en
303 3993 410 4049 isanpais,
425 4005 480 4037 avec
498 4004 542 4036 une
556 3989 697 4034 terminaison
713 3986 794 4039 latine3
831 3983 880 4039 deja
900 3996 945 4034 vu,
966 3995 987 4039 p.
1007 3987 1043 4035 87,
1059 3981 1139 4038 soleis,
1158 3986 1196 4041 qui
1215 3998 1229 4032 a
1249 3987 1270 4031 ie
1297 3993 1368 4034 meme

260 4068 291 4099 en
302 4055 326 4098 m
337 4055 392 4100 dans
405 4046 503 4110 intpure
514 4064 540 4095 ιιι
556 4051 583 4096 de
593 4049 724 4101 witelmus,
738 4046 795 4090 abbe
830 4046 921 4091 radient.
1030 4105 1033 4114 ‚

263 4117 290 4161 de
301 4117 377 4162 Meta:
392 4118 511 4161 Praetereo
521 4115 591 4158 minas
602 4118 667 4164 tuas,
681 4114 796 4167 praetereo
857 4109 885 4164 (a)
911 4107 991 4150 Terras
1009 4106 1122 4160 desertes3
1142 4119 1169 4151 en
1191 4108 1270 4164 simple
1291 4123 1367 4166 prese,

258 4179 321 4234 quud
339 4179 362 4222 in
380 4179 428 4235 ipsa
442 4177 561 4223 testivitate
575 4176 600 4218 B.
612 4173 706 4227 Remigii
718 4169 796 4227 follem
833 4175 855 4213 et
866 4170 906 4223 qui
919 4173 1011 4211 souvent
1021 4177 1048 4210 ne
1061 4174 1162 4223 rapporte
1174 4169 1229 4213 rien.
