2902 4940
691 485 855 540 -eis-

446 612 548 670 status
561 609 621 670 erit
634 609 772 673 metieris
785 660 792 690 ‚

527 711 552 774 si
568 714 720 789 h(ab)ebit
734 715 845 794 gratio.

446 850 529 912 Dixit
542 851 630 914 Prior
643 853 684 914 ad
697 852 842 915 obbatis:

445 955 546 1017 Habes
560 955 656 1018 modo
669 955 744 1018 bibe
756 957 851 1035 satie,

445 1076 510 1121 non
524 1063 572 1121 est
582 1061 701 1123 bonum
716 1061 861 1140 ebriatis3

525 1164 570 1226 ire
581 1169 651 1244 post
664 1166 697 1228 in
712 1166 870 1228 claustrie.

450 1309 535 1369 Unus
539 1351 634 1366 .....
652 1307 880 1388 demoniorum,

449 1409 551 1472 bonus
561 1409 662 1472 lector
674 1415 706 1472 et
719 1415 901 1487 cantorum,

448 1515 601 1577 irascetus
614 1515 655 1576 ad
668 1511 811 1577 Priorum

529 1618 609 1680 dixit
622 1618 681 1680 ista
696 1617 770 1680 ioiio
784 1646 791 1678 ι

448 1774 552 1854 Prior,
566 1791 623 1836 vos
637 1789 703 1836 non
718 1771 908 1852 intendatis,

447 1879 602 1956 quantum
616 1891 726 1938 sumus
739 1873 908 1953 laboratis,

447 1980 479 2042 in
492 1982 620 2043 eantare
633 1981 665 2039 et
675 1977 808 2055 legatis,

526 2099 581 2161 per
595 2081 654 2142 ista
668 2079 800 2142 festaiia.

448 2219 472 2278 0
486 2213 613 2276 Abbatis
626 2217 658 2276 et
672 2213 795 2293 Priore,

448 2318 527 2381 nihil
540 2317 673 2380 detisde
686 2317 829 2399 liquore3
925 2335 927 2342 ·

448 2434 513 2479 non
527 2419 576 2478 est
588 2415 679 2478 vobis
693 2415 735 2476 de
742 2416 887 2495 pudore?

527 2523 572 2580 Tu
584 2535 618 2580 es
632 2517 773 2580 avaritia.

446 2663 507 2720 Vos
520 2674 579 2720 neo
594 2656 684 2719 nobis
696 2655 775 2718 nihil
788 2656 888 2737 detis,

445 2778 505 2823 nec
518 2761 668 2823 Abbatem
681 2759 862 2841 pervitam,

447 2861 522 2924 saoit
535 2863 643 2923 noster
655 2859 785 2923 sociatis

525 2987 582 3032 sua
597 2969 739 3032 curialia.

447 3107 505 3182 Qui
519 3111 602 3186 stat,
617 3107 756 3170 videtne
769 3107 906 3187 cedato,

445 3209 562 3272 multos
575 3209 659 3270 enirn
674 3210 713 3271 de
730 3210 878 3288 praelatis

445 3314 519 3372 sunt
533 3311 681 3372 deorsum
695 3309 862 3389 deponetis*

525 3411 652 3487 propter
666 3407 806 3471 avaritia.

444 3549 573 3625 Propter
585 3545 689 3609 cordis
702 3545 893 3626 strictitate,

443 3656 519 3715 sunt
532 3652 658 3732 superbi
676 3651 892 3731 descendetis,

443 3756 531 3820 etsie
545 3759 673 3836 propter
683 3755 846 3836 parvitatis

520 3864 651 3943 perdere
664 3864 832 3944 magnalia.

441 4005 530 4080 Rogo
544 4004 626 4063 Deus
637 4001 829 4081 majestatis,

442 4105 494 4186 qui
510 4123 569 4168 nos
583 4103 657 4166 feeit
670 4107 702 4165 et
715 4105 845 4183 creatio,
