2926 4952
592 455 734 510 „69-

106 577 240 640 llomine
252 595 328 659 rex,
349 577 424 658 quia
448 579 623 644 leudorico
638 597 754 642 nomen
775 583 865 641 tuum
886 578 1074 640 veneranter
1093 574 1215 637 vocita-

144 685 199 744 tur
214 685 372 766 apopulo,
383 719 424 730 -
436 701 508 765 eg0,
521 700 630 746 servus
644 687 730 763 tuus,
743 701 783 745 ne
798 684 896 746 feram
914 701 1031 746 nomen
1045 681 1156 761 simile,
1176 681 1216 743 de

145 786 275 846 caetero
286 819 328 832 -
340 801 406 846 non
423 785 597 847 leudorico
609 785 665 846 sed
678 785 816 847 vocabor
830 786 983 848 reomao.

104 889 195 950 'lunc
213 903 270 949 rex
290 889 485 967 gratulanter
498 887 657 950 admirans
669 923 710 933 —
723 890 756 950 et
777 887 969 950 admiranter
990 885 1216 966 congratulans

143 992 379 1072 —purissimae
392 992 597 1072 simplicitatis
611 991 958 1072 humilitatem-atque
971 989 1218 1072 simplicissimae

145 1096 333 1165 humilitatis
345 1097 514 1178 puritatem
525 1096 751 1177 humillimam,

105 1198 307 1261 venerabiles
319 1216 433 1272 manus
443 1200 645 1282 deosculans,
669 1199 842 1263 sacerdotis
859 1199 998 1281 postulat
1016 1197 1217 1261 bencdictio-

144 1323 221 1368 nem
231 1342 272 1352 —
284 1309 380 1386 atque
390 1306 562 1370 honorilice
571 1305 668 1387 jussit
678 1323 752 1370 eum
761 1342 802 1353 —
812 1307 855 1370 ad
866 1324 960 1370 suum
968 1305 1083 1370 deduci
1093 1321 1216 1368 monas·

145 1409 273 1472 terium.

106 1515 224 1576 Exhoc
237 1513 380 1593 igitur—
388 1533 454 1578 uno
467 1517 713 1599 demonstratur,
724 1553 765 1564 —
777 1520 897 1597 quanta
907 1515 1108 1581 curationum
1117 1511 1217 1593 gratia

146 1617 235 1680 fulsit
247 1618 280 1681 in
293 1625 404 1684 sancto
417 1655 458 1666 -
471 1619 652 1683 Teuderico.

104 1724 248 1795 Quantas
268 1741 406 1804 namque
419 1725 488 1786 tum
501 1739 647 1785 cerneres
668 1723 766 1784 -ad
791 1740 866 1785 eum
888 1722 1048 1786 confluere
1069 1718 1221 1782 debilium·

145 1824 384 1907 multitudines,
398 1862 440 1872 -
457 1843 540 1907 quae
553 1825 621 1888 sine
632 1843 722 1888 mora
734 1827 883 1907 temporis
899 1825 1065 1889 continuas
1078 1825 1218 1903 recipere

146 1931 179 2004 (l.
194 1935 373 2008 recepere?)
387 1929 557 1992 sanitates!

105 2032 214 2096 faecis
227 2033 485 2114 quoquevisum,
509 2067 549 2080 --
568 2032 672 2096 surdis
693 2033 858 2113 auditum,
880 2066 921 2079 —
939 2033 1059 2096 claudis
1073 2048 1217 2114 gressum

145 2141 344 2220 restaurans,
359 2175 399 2185 —
413 2138 518 2202 aridas
532 2141 774 2219 contractasque
789 2155 903 2200 manus
916 2139 1073 2201 relaxans.

104 2249 128 2308 Α
139 2246 348 2311 daemonibus
358 2247 503 2309 obsessos
511 2245 658 2326 liberans,
668 2244 753 2307 mille
762 2245 899 2308 nocendi
910 2243 1080 2308 diabolicas
1089 2243 1218 2307 fraudes

142 2367 255 2430 —per
266 2349 390 2412 divinae
401 2349 577 2414 medicinae
591 2350 792 2412 destruxerat
804 2353 899 2412 artes.

102 2454 281 2515 Omultum
300 2452 474 2516 felicem-
488 2453 593 2534 gregis
604 2452 726 2515 Domini
745 2455 954 2532 pastorem-
969 2453 1020 2516 cui
1042 2453 1151 2517 datum
1172 2457 1221 2517 est

147 2554 334 2635 corporibus
347 2555 441 2618 simul
461 2560 493 2619 et
513 2557 678 2620 animabus
698 2559 842 2620 conferre
855 2557 1008 2620 salutem!

105 2663 131 2724 0
146 2661 422 2742 triumphalem-
434 2661 625 2742 spiritlu)alis
642 2661 714 2724 belli
728 2662 908 2742 ductorem,
918 2697 958 2707 —
970 2664 1126 2726 mundum
1146 2681 1225 2728 cum.

145 2783 205 2828 suo
218 2765 361 2845 principe
372 2766 591 2845 superantem!

103 2869 130 2928 Ο
141 2869 264 2946 patrem
275 2865 451 2947 piissimum
463 2903 503 2914 -
516 2869 690 2929 multorum
703 2867 949 2930 monachorum!

103 2973 132 3033 0
142 2970 362 3034 fidelissimum
375 2970 409 3032 in
424 2970 518 3032 domo
532 2970 629 3050 patris
643 2968 776 3033 familias
789 2971 1001 3049 proferentem
1014 3007 1054 3015 -
1068 2989 1170 3054 nova,
1186 2977 1219 3034 et

144 3078 254 3138 velera
266 3078 300 3152 (l.
314 3078 457 3139 veterum
467 3079 492 3152 f)
511 3075 776 3154 dispensatorem!
1089 3064 1093 3070 ’

102 3185 129 3246 0
143 3181 491 3264 perseverantissimum
510 3181 542 3244 in
559 3179 612 3244 Dei
633 3183 787 3248 famulatu
803 3202 904 3265 usque
918 3184 951 3247 in
965 3185 1077 3266 finem,
1091 3221 1131 3232 —
1144 3202 1228 3248 suae-

145 3305 342 3368 suorumque
362 3286 473 3349 salutis
484 3285 722 3366 cupidissimum
734 3293 1004 3369 comparatorem,
1021 3323 1062 3333 —
1074 3291 1223 3354 sanctum

144 3392 364 3456 Teudericum.

107 3496 171 3573 Qui
183 3496 282 3560 vitam
295 3498 470 3577 angelicam
482 3497 617 3561 interris
630 3515 729 3577 agens
741 3534 780 3544 -
793 3502 825 3560 et
836 3499 951 3561 mentis
964 3499 1172 3563 intentionem
1186 3501 1222 3565 in·

149 3600 342 3664 coelestibus
355 3601 467 3681 figens,
477 3601 557 3662 -in
569 3601 680 3663 diebus
690 3600 755 3662 suis
768 3618 823 3681 per
830 3601 973 3680 justitiae
985 3601 1133 3665 meritum
1149 3606 1224 3684 pla-

149 3707 221 3770 cuit
236 3709 310 3768 Deo.

110 3815 200 3873 'func
218 3810 324 3887 plures
343 3809 494 3872 instruxit
508 3809 688 3891 discipuloS,
703 3813 736 3872 et
750 3827 835 3872 nunc
852 3809 1096 3875 innumerabiles
1114 3814 1224 3878 imita-

154 3917 242 3976 tores
257 3929 315 3975 suo
326 3913 531 3976 saluberrimo
543 3949 584 3960 —-
596 3915 746 3977 informat
759 3915 913 3994 exemplo.

118 4017 177 4092 Qui
190 4019 264 4097 post
277 4019 447 4080 multarum
466 4015 618 4081 virtutum
642 4035 752 4096 opera,
776 4052 817 4063 -
836 4021 908 4096 post
929 4017 1154 4081 miraculorum
1167 4019 1224 4081 in-

156 4124 278 4205 signia,
300 4125 436 4188 -bono
463 4122 634 4186 certamine
658 4125 699 4185 ad
718 4123 881 4188 victoriam
901 4124 1072 4205 perducto,
1087 4161 1126 4171 -
1141 4126 1221 4190 felici
