2908 4942
550 445 714 500 -299—

177 558 308 624 Nullum
321 567 485 643 peccatum
499 582 593 645 super
607 569 709 628 terrae
721 564 833 628 faciem

215 671 318 748 potest
330 673 386 732 aut
399 671 502 734 scelus
515 671 647 736 inveniri
661 671 822 752 quidpiam
836 674 897 752 (l),
968 655 971 662 ⁵

215 793 233 837 a
247 793 382 855 quorum
395 795 461 840 non
474 777 534 840 sim
546 777 730 858 inquinatus
744 777 901 857 faecibus3

333 881 442 945 infelix
457 883 535 964 ego!

177 1013 290 1094 ortus,
305 1017 460 1097 Occasus,
474 1015 601 1098 Aquilo,
616 1017 811 1098 septentrio,

215 1123 344 1212 coelum
363 1125 518 1202 Terraque
530 1123 590 1203 (2),
605 1127 707 1204 llere,
721 1127 857 1203 Fontes,
872 1119 1035 1200 Flumina,

214 1231 335 1292 Montes
348 1231 381 1291 et
393 1231 509 1312 Colles,
524 1230 645 1311 Campi,
660 1230 760 1294 mixta
773 1231 881 1294 rosulo

334 1334 408 1398 Lilia
424 1336 512 1398 lleto!

175 1465 323 1547 Plangite
335 1486 460 1531 mecum
474 1473 565 1532 Astra
578 1468 759 1548 rutilantia3

214 1591 340 1636 mecum
353 1575 473 1654 mugite
490 1575 612 1638 Bestiae
628 1574 803 1655 silvicolae,

216 1681 311 1744 dicite
322 1709 330 1743 ι
342 1685 387 1743 Tu
400 1699 434 1743 es
444 1681 556 1762 miser,
571 1682 626 1761 qui
639 1682 699 1743 sub
713 1681 809 1761 impio

334 1785 464 1849 crimine
478 1785 587 1865 gemis.

172 1917 254 1994 Quis
268 1935 320 1980 mo
333 1918 371 1981 de
384 1937 482 1981 manu
496 1919 603 2000 Cocyti
616 1920 658 1998 (3)
675 1915 878 1982 flammivomi

212 2024 280 2088 erui
294 2027 398 2104 potest
410 2024 470 2088 nisi
484 2023 583 2089 Patris
598 2023 691 2087 unica

212 2133 316 2211 proles
328 2135 369 2208 (l)
378 2131 431 2212 qui
446 2133 476 2208 (1.
492 2135 604 2211 quael)
616 2129 772 2193 mundum
783 2127 927 2208 precioso
936 2127 1092 2208 sanguine

327 2239 400 2316 jure
413 2236 571 2299 redemit?

171 2369 368 2449 Redemptor
380 2370 507 2448 mundi,
521 2370 616 2433 unica
630 2385 701 2448 spes
715 2368 877 2448 omnium,

207 2475 352 2555 aequalis
365 2475 448 2540 Patri
462 2480 636 2556 sanctoque
649 2474 794 2555 Spiritui,

206 2582 315 2646 trinus
327 2585 359 2644 et
372 2599 456 2645 unus
469 2585 551 2644 Deus
564 2580 743 2663 invisibilis,

331 2688 408 2751 milri
423 2686 569 2750 sucurre!

166 2823 203 2886 Si
217 2838 274 2885 me
287 2818 394 2882 subtili
407 2835 521 2899 penses
534 2818 594 2879 sub
606 2817 794 2896 libramine(
814 2820 840 2898 ),

209 2945 285 3010 spes
297 2927 331 2988 in
341 2942 393 2988 me
407 2927 491 2989 nulla
505 2926 647 2988 remanet
660 2922 795 2984 fiduciae
807 2950 815 3000 3

211 3033 271 3098 sed
283 3050 362 3113 rogo
376 3033 431 3093 tua
443 3048 493 3094 me
507 3033 607 3095 salvet
620 3027 786 3092 clementia
798 3029 858 3108 (6),

331 3137 426 3201 Filius
438 3137 491 3200 Dei
506 3137 514 3200 1

172 3276 269 3339 Tolle
281 3275 464 3354 peccatum,
479 3271 564 3335 dilue
580 3267 738 3350 facinora,

216 3381 310 3444 ablue
321 3380 448 3460 sordes,
465 3379 613 3458 donoque
627 3376 875 3456 clh)arismatum

215 3487 357 3550 instaura
370 3504 477 3548 meum
490 3487 661 3547 clementer
674 3486 912 3563 pectusculum,

335 3608 467 3654 munere
480 3593 536 3652 tuo
548 3589 555 3650 !

112 3881 139 3936 (1)
149 3877 262 3926 leucam
274 3880 330 3926 daus
340 3893 368 3938 r;
380 3877 449 3938 copto
463 3879 519 3925 dans
528 3888 548 3923 c.
678 3879 707 3935 (l)
724 3875 803 3922 Prole
815 3877 871 3922 clem
887 3887 907 3920 r.

110 3981 139 4039 (a)
155 3981 296 4040 roremque
307 3983 362 4028 dans
377 3995 397 4028 r.
679 3989 707 4044 (5)
718 3987 791 4032 latro
801 3987 867 4032 minc
876 3988 931 4032 daus
944 3999 965 4032 e.

111 4088 138 4142 (ὅ)
149 4087 241 4133 senatu
252 4087 307 4132 (laus
315 4100 337 4132 a.
680 4086 712 4140 (6)
726 4083 834 4128 Potentia
847 4083 902 4128 daus
913 4095 934 4126 r.
