2892 4940
544 436 707 491 -159-

170 547 359 613 mendicanti
374 553 416 628 (1)
431 551 539 630 pallidi
550 554 585 628 (Ι.
598 552 727 629 Palladi)
741 569 823 632 quae
836 553 917 618 solet
930 555 1057 634 vigore,

171 671 242 716 nam
256 655 280 716 si
294 674 424 722 nummo
436 675 560 738 careas,
581 657 657 721 loris
672 659 847 738 expellere,

170 758 232 838 ipse
243 760 316 824 licet
330 762 439 830 venias
450 765 545 828 Musis
557 764 741 846 comitatus,
755 769 897 829 Homere.

170 892 241 955 Axis
256 895 428 976 magisterii
443 898 562 960 tractus
575 898 625 960 est
643 899 676 958 et
689 897 843 976 t[b]emo;

169 998 267 1062 audiri
281 1000 308 1062 si
323 1001 465 1083 cupiam,
487 1002 650 1066 auditores
662 1019 756 1083 emo,

168 1103 227 1168 boc
241 1109 290 1168 est
303 1108 389 1172 unde
400 1126 577 1190 conqueror
589 1113 651 1190 (2),
666 1110 728 1174 boc
741 1111 791 1172 eat
804 1108 889 1172 unde
904 1125 996 1186 gemo
1013 1137 1021 1173 r

167 1209 246 1274 scire
258 1215 369 1276 volunt
380 1233 505 1297 omnes,
522 1216 701 1280 mercedem
715 1217 838 1279 solvere
851 1232 955 1277 nemo.

165 1345 260 1410 Senes
270 1348 421 1412 avaritiae
433 1353 509 1412 sunt
518 1348 629 1412 imbuti
644 1350 733 1430 lello,

165 1451 244 1516 odor
257 1455 336 1518 lucri
349 1455 454 1534 pueris
467 1455 590 1518 dulcior
603 1459 652 1518 est
665 1456 756 1518 melle
769 1484 777 1518 ε

164 1561 248 1622 nolle
260 1560 461 1641 pudicitiam,
476 1579 623 1625 nummos
636 1564 744 1624 autem
757 1561 838 1624 velie
853 1585 861 1640 3

164 1663 226 1727 boc
241 1665 367 1732 discunt
381 1671 515 1744 [omnes]
529 1669 604 1728 ante
616 1669 709 1746 alpbn
721 1671 754 1730 et
767 1667 863 1730 betba
876 1670 920 1741 (3)
931 1667 1065 1745 puellae.

163 1797 192 1860 Si
207 1801 294 1861 recte
306 1800 347 1862 de
360 1799 437 1861 vitio
451 1797 564 1860 vitium
578 1797 716 1878 derives,

162 1903 189 1966 si
204 1903 245 1966 de
259 1905 355 1984 gestis
370 1905 517 1968 consulas
529 1906 572 1983 (t)
584 1905 779 1968 Athenarum
794 1904 896 1986 cives,

162 2011 246 2073 inter
259 2013 350 2074 actus
362 2009 479 2074 saeculi
490 2027 605 2090 pravos
619 2013 652 2073 et
665 2009 820 2092 declives,

164 2111 392 2180 intolerabilius
402 2117 481 2180 nihil
493 2119 543 2180 est
554 2135 650 2198 quam
663 2117 779 2180 femina
793 2117 892 2182 dives.

162 2248 225 2309 lloo
237 2246 282 2325 (5)
295 2245 413 2312 idcirco
428 2247 578 2330 dixerim,
592 2265 633 2310 ue
649 2248 720 2327 quis
731 2248 800 2312 sine
812 2251 937 2312 macula

161 2351 278 2414 femina
291 2353 323 2432 (l.
339 2354 483 2433 feminas)
496 2353 656 2417 existimet
669 2373 804 2436 quarum
817 2355 927 2436 lingua
937 2359 1061 2440 jacula,

159 2457 353 2522 fascinantes
366 2460 466 2540 oculi,
483 2460 572 2539 digiti
584 2463 757 2524 novercula
770 2463 804 2537 (Ι.
817 2465 1001 2544 novacula),

159 2564 245 2628 seda
262 2563 448 2630 diverticulo
463 2569 624 2644 repetatur
638 2568 755 2631 sabula.

157 2695 220 2758 ribi
235 2695 409 2777 nobilium,
425 2697 501 2759 dum
518 2699 594 2758 sunt
603 2697 763 2780 juniores,

159 2804 332 2866 mittuntur
345 2801 378 2864 in
392 2802 556 2865 Franciam
567 2803 610 2877 (6)
624 2803 691 2866 lieri
705 2803 868 2888 doctores,

158 2928 236 2991 quos
249 2926 349 2992 prece
362 2909 411 2974 vel
424 2907 526 2987 pretio
540 2908 671 2972 domant
683 2913 899 2992 corruptoreS,

158 3017 200 3080 sic
212 3019 382 3081 artaxatos
395 3015 428 3090 (l.
439 3017 666 3096 praetextatos)
674 3020 718 3091 (7)
729 3018 871 3079 referunt
880 3019 1025 3081 artaxata
1037 3037 1154 3083 mores.

157 3153 258 3215 liores
273 3150 370 3212 babet
383 3153 425 3226 (8)
438 3149 593 3218 Barbarus
610 3149 641 3226 (Ι.
653 3149 771 3212 babent
782 3150 934 3214 barbaros
945 3153 983 3232 l),
1004 3152 1132 3216 Latinus
1145 3159 1178 3218 et

158 3259 202 3320 sio
214 3256 367 3320 sacerdos
379 3257 417 3316 ut
429 3255 516 3336 plebs
530 3255 594 3336 est,
606 3271 737 3319 coecum
750 3255 840 3320 ducit
854 3274 990 3339 mecm,
1005 3259 1154 3336 [Graecus
1166 3289 1175 3344 3

100 3497 122 3552 (ll
135 3499 158 3544 Ρ.
171 3503 221 3554 1623
237 3493 369 3542 medicanti.
391 3494 422 3537 La
433 3495 506 3537 meme
518 3492 566 3536 idde
577 3504 601 3536 ae
662 3493 692 3547 (5)
705 3493 732 3537 P.
748 3499 801 3550 1623
816 3476 956 3549 alphabeta'

80 3563 167 3607 reboare
189 3562 243 3606 dana
265 3561 325 3604 daur
345 3560 422 3600 autres
443 3555 555 3610 atrophos,
578 3567 601 3612 p.
662 3573 691 3627 (Α)
706 3572 797 3627 P.loe;
810 3573 906 3617 comm„

81 3624 111 3664 (57
122 3653 190 3730 ,ΑΜ
199 3696 308 3737 mmm,
318 3691 350 3734 qu!
360 3692 407 3724 neor
416 3690 492 3729 anama
663 3652 693 3707 (ὕ)
708 3652 735 3738 Ρ.Ι
747 3657 801 3706 1623
815 3652 881 3696 baon.
1110 3730 1112 3740 Ι

132 3735 546 3774 construatur-manercurllbroshonoras?
663 3731 691 3784 (6)
706 3727 946 3782 L'rle-de-France,
971 3729 1024 3772 dont
1049 3729 1080 3774 les
1103 3729 1177 3774 aceles

133 3785 204 3864 {iiiviri
213 3779 544 3866 iffuiiffississiffirfflaiilfrffi*
557 3859 560 3864 .
633 3792 765 3848 louissalom
778 3791 843 3836 d’una
857 3791 941 3848 grande
951 3790 1065 3836 celebrite.
1139 3812 1145 3830 ι

132 3889 216 3932 mnam
227 3889 344 3930 philosopha·
353 3893 412 3920 vacuo
421 3887 500 3922 cratero·
661 3880 690 3933 (7)
704 3878 820 3922 Amodata
829 3877 950 3934 literaria,
961 3891 982 3934 p.
995 3883 1036 3934 383
1050 3879 1175 3934 praetaxa-

132 3929 572 3974 etsolatquodmlnnrartrelraquamboberer
635 3947 690 3986 tos:
711 3939 809 3986 destun
828 3951 879 3985 vers
900 3939 929 3984 de
953 3937 1057 3990 Juvenal,
1080 3941 1122 3982 sat·
1144 3945 1176 3989 n,

132 3985 172 4010 nam
182 3979 198 4010 rl
207 3985 278 4018 pauper
286 3977 352 4016 luerit,
363 3977 412 4008 torus
421 3975 521 4013 expellere,

132 4021 219 4060 lmeliaet
227 4021 292 4052 renim
299 4023 357 4055 llnalr
366 4019 470 4060 couniantur,
482 4019 566 4051 floruere,
636 4013 657 4046 v.
672 4007 720 4047 170.

98 4082 122 4137 i²l
134 4084 159 4128 P·
169 4091 222 4142 (δὴ
236 4085 329 4130 doleam.
663 4082 691 4136 (8)
707 4079 822 4124 Aoeedoto
835 4077 957 4132 literaria,
969 4091 990 4133 p.
1001 4079 1039 4131 383
1053 4077 1144 4122 babent.
