2892 4940
729 435 892 490 -170-

354 559 386 617 et
400 555 483 635 ipsos
496 554 660 618 offendere
674 555 858 618 nullomodo
872 555 1018 636 credam,

353 662 408 725 sed
422 661 574 742 perviam
587 660 740 742 mediam,
755 664 792 723 ut
805 662 912 742 decet,
927 661 1082 726 incedam.

352 797 431 858 Sunt
444 795 484 855 ab
498 793 543 854 eis
555 794 672 857 mortui
686 795 792 874 plures
805 793 968 876 suscitati,

352 899 415 964 secl
431 902 465 976 (l.
476 899 593 981 coeci),
608 899 711 982 surdi,
728 900 862 982 debiles,
877 901 993 965 infirmi
1007 902 1129 982 sanati,

354 1006 518 1087 fugatique
528 1008 717 1088 daemones,
733 1007 847 1088 leprosi
861 1008 1022 1087 mundati,

351 1115 385 1175 et
397 1113 496 1192 aperti
510 1131 669 1194 carceres,
685 1117 803 1177 nautae
815 1113 949 1176 liberati.

350 1248 388 1307 nt
399 1262 508 1307 omnes
520 1244 699 1309 audivimus
712 1263 828 1328 aquam
843 1247 960 1310 tactam
973 1247 1083 1311 vinum

355 1368 412 1431 per
427 1352 604 1413 iohannem
616 1349 736 1414 scillcet
750 1353 783 1415 et
795 1369 851 1431 per
863 1351 1064 1433 Jacobinum,

352 1457 438 1538 quod
453 1459 616 1536 gustatum
630 1457 733 1519 luerat
745 1473 802 1537 ρετ
815 1457 1088 1537 architriclinum,

355 1563 402 1627 sic
416 1563 815 1642 lecisselegimusbeatum
825 1562 1003 1626 llartinum.
1074 1607 1077 1612 -

355 1699 554 1778 loquebatur
567 1697 718 1759 Dominus
732 1695 777 1759 eis
789 1713 863 1759 cum
876 1696 1026 1759 volebant

359 1805 443 1867 etad
456 1822 511 1867 eos
523 1801 626 1883 angeli
640 1801 715 1866 boni
730 1791 982 1883 descendebant,

355 1914 389 1972 et
402 1909 475 1973 mali
488 1908 631 1972 similiter
644 1909 690 1973 eis
702 1909 910 1990 apparebant,

351 2016 405 2097 qui
419 2015 485 2078 suis
498 2033 554 2094 per
567 2015 673 2078 omnia
686 2013 844 2078 mandatis
860 2016 1010 2080 fovebant
1026 2017 1058 2091 (l.
1074 2016 1249 2092 favebant).

353 2146 406 2211 llis
417 2165 580 2226 nunquam
591 2147 731 2227 apostoli
746 2147 889 2210 lecerunt
899 2150 1037 2229 majora,

353 2254 408 2317 sed
420 2270 479 2316 nec
490 2252 540 2315 his
552 2252 683 2335 similia,
698 2270 790 2333 nam,
805 2271 996 2333 quacunque
1010 2256 1089 2317 hora

353 2361 532 2424 invitabunt
543 2361 573 2437 (l.
582 2359 767 2434 invitarunt)
776 2359 944 2422 Dominum
950 2362 1086 2442 Fratres,
1095 2358 1162 2422 sine
1170 2377 1273 2440 mora,

355 2467 475 2529 fiebant
487 2466 638 2529 miracula
650 2465 744 2528 laude
758 2463 914 2545 digniora.

356 2597 498 2662 Visiones
508 2598 629 2681 aliquas
642 2615 698 2678 per
711 2601 836 2678 raptum
850 2597 1018 2678 viderant,

355 2706 411 2768 sed
426 2704 576 2768 nonlicet
589 2703 709 2766 bomini
722 2704 810 2784 loqui
823 2704 877 2785 qui
891 2707 924 2781 (l.
936 2705 1031 2783 quae)
1045 2704 1193 2784 luerunt,

356 2813 396 2875 de
410 2809 524 2874 laturis
537 2810 633 2873 etiam
645 2812 737 2891 plura
748 2809 994 2891 praedixerunt,

354 2935 436 2998 quae
447 2916 529 2981 sicut
541 2915 765 2997 praedixerant
778 2917 822 2981 ita
839 2917 1053 2996 contigerunt.

355 3048 450 3127 Signa
460 3047 589 3128 quidem
602 3048 737 3127 plurima
750 3052 827 3111 sunt
840 3050 879 3112 ab
897 3047 942 3110 eis
955 3050 1038 3111 facta

355 3153 409 3232 qui
420 3155 452 3228 (l.
468 3157 512 3228 et)
525 3152 660 3214 fuissent
672 3154 778 3216 omnia
790 3156 871 3217 baec
884 3153 1000 3233 scripto
1016 3154 1145 3217 redacta
1159 3202 1168 3233 ,

355 3257 411 3319 sed
422 3275 495 3319 cum
505 3257 622 3320 vellent
635 3257 771 3318 scribere
784 3274 888 3338 penna
903 3257 963 3320 luit
975 3257 1075 3320 tracta

356 3365 389 3424 et
400 3360 529 3423 bissexti
543 3364 586 3439 (l)
596 3377 748 3422 numerus
760 3361 858 3425 crevit
868 3360 902 3423 in
913 3379 1023 3441 opaca.

354 3499 417 3558 Vos
429 3510 541 3576 precor
553 3494 616 3558 hoc
627 3493 756 3558 credere
769 3495 822 3576 qni
837 3495 928 3578 signa
941 3495 1078 3580 vidistis,

356 3619 431 3664 nam
444 3603 477 3663 et
489 3617 550 3682 ego
564 3600 740 3682 crederem,
757 3601 813 3664 sed
825 3618 896 3664 sum
906 3601 997 3663 valde
1010 3600 1129 3682 tristis,

355 3706 434 3767 baec
445 3722 582 3785 namque
595 3704 746 3768 miracula
760 3723 841 3786 quae
855 3723 940 3770 nunc
954 3705 1129 3786 audivistiS,

355 3828 445 3876 versa
459 3811 580 3876 suntin
594 3810 727 3874 nibilum
738 3811 772 3874 in
784 3811 818 3887 (l.
832 3829 925 3892 saepe
934 3815 959 3893 l)
971 3813 1065 3875 rebus
1079 3809 1158 3874 istis.

288 4028 317 4085 (ll
332 4027 647 4073 ldalbeara'l'oncblaaextllla
658 4033 794 4082 natamus,
829 4041 909 4073 raroea
929 4026 1012 4072 oonud
1029 4025 1156 4082 bissextum
1181 4027 1281 4078 orddrio
1297 4032 1366 4084 Vitat,

262 4101 290 4134 ac
301 4090 359 4134 sieut
372 4090 437 4145 vulgo
446 4089 582 4143 andlvtmus,
597 4101 662 4145 super
673 4087 795 4144 ,proditores
831 4086 1122 4141 nomenculatore,
1138 4089 1152 4133 Ι.
1164 4099 1213 4142 111,
1227 4103 1251 4146 ρ.
1264 4097 1316 4142 aas,
