2914 4944
753 481 917 540 ...ppp-

377 615 464 674 Tunc
476 608 631 691 quidquid
642 609 823 674 naenomes
835 611 993 672 secretum
1005 608 1130 672 dixerat
1144 609 1189 672 illi

413 717 480 799 ipsa
494 718 615 781 revelat
627 715 673 779 eis
686 764 695 797 ,
714 713 827 779 ordine
840 731 985 796 quaeque
998 732 1066 779 suo.

371 829 488 889 Omnes
498 823 667 905 mirantur,
683 839 795 886 omnes
808 824 893 886 hanc
903 839 975 886 esse
986 823 1114 894 beatam
1202 897 1205 904 Ι

414 929 538 1012 dicunt,
552 930 640 1011 quod
654 931 745 993 tanta
758 928 801 992 sit
813 929 934 992 sociata
947 928 1028 994 viro.

372 1062 474 1126 Finita
488 1064 588 1144 testo,
603 1062 739 1124 redeunt
752 1061 794 1124 ad
806 1061 936 1142 propria
946 1059 1065 1141 quique

411 1170 507 1249 atque
520 1166 606 1231 douai
619 1169 764 1231 referunt
776 1167 862 1230 dicta
875 1169 926 1232 vel
939 1170 1012 1230 acta
1026 1163 1122 1247 ioris,

371 1278 512 1356 cumque
525 1275 696 1338 referretur
709 1274 913 1355 quorundam
925 1273 1063 1355 piurima
1075 1272 1196 1354 virtus,

410 1380 566 1445 virtutum
578 1381 750 1443 Machomis
760 1379 881 1444 mentio
893 1381 997 1459 major
1005 1379 1090 1460 erat,

372 1491 435 1550 Nec
448 1490 555 1550 tamen
567 1487 651 1549 utlus
665 1486 771 1550 adhuc
784 1503 953 1568 procerum
963 1487 1086 1549 secreta
1100 1483 1220 1547 sciebat

411 1609 493 1673 quae
507 1592 697 1657 dominabus
711 1596 804 1657 erant
815 1592 936 1656 credita
947 1592 988 1655 de
1000 1593 1175 1656 Machome.

373 1704 460 1775 Quae
472 1699 547 1762 lieet
556 1700 681 1763 illarum
694 1699 768 1763 fidei
782 1699 938 1763 mandata
951 1698 1106 1781 fuissent,

410 1825 475 1871 una
488 1809 584 1872 nocte
595 1811 701 1872 tamen
716 1825 783 1871 nou
798 1811 927 1872 tacuere
939 1805 1014 1871 viris
1030 1833 1038 1868 ι

370 1914 495 1978 Scilicet
506 1914 630 1978 arcanis
640 1916 839 1978 Machomem
852 1913 1042 1978 coelestibus
1055 1910 1123 1992 nti,

409 2022 442 2080 et
454 2022 589 2083 ventura
602 2020 691 2100 prius
703 2035 836 2083 noscere
848 2036 947 2101 quam
960 2017 1112 2098 veniant,

369 2124 461 2198 Quod
473 2125 526 2187 lex
540 2143 559 2187 a
572 2125 696 2188 Christo
711 2127 787 2188 data
801 2125 882 2188 dura
896 2125 1007 2206 nimis,
1020 2124 1216 2189 moderanda

408 2245 465 2309 per
476 2231 691 2311 Machamem,
706 2231 840 2294 Domino
853 2231 1077 2314 praecipiente,
1092 2233 1189 2313 toret,

368 2338 528 2417 Multaque
540 2339 703 2417 praeterea
717 2353 800 2418 quae
812 2354 908 2418 supra
922 2337 1078 2420 diximus,
1092 2341 1146 2401 aut
1155 2355 1242 2418 quae
1256 2343 1304 2420 (t)

408 2446 484 2505 sunt
496 2443 669 2522 retegenda
685 2460 745 2506 suc
758 2445 903 2522 tempore
917 2441 983 2508 sive
996 2444 1079 2508 loco.

368 2548 521 2612 Mirantur
530 2565 678 2630 proceres
690 2566 785 2628 super
795 2549 867 2631 his,
883 2567 1056 2630 secumque
1068 2551 1238 2616 revolvunt

410 2653 564 2734 quidnam
576 2654 716 2736 portenti
729 2653 805 2717 talia
817 2655 1011 2736 significent.
1447 2641 1448 2695 i

370 2759 406 2824 tii
421 2759 569 2824 dubitant
581 2761 648 2822 fieri
662 2764 712 2823 tot
723 2763 875 2841 tantaque
886 2779 942 2841 per
956 2762 1210 2846 machometem,
1446 2755 1447 2760 ’

411 2866 444 2929 hi
459 2866 604 2930 dubitare
616 2868 731 2946 putant
742 2867 783 2929 de
796 2867 991 2930 Machomete
1005 2869 1108 2932 netas.

371 2976 467 3053 Nam,
481 2973 558 3036 dum
571 2971 744 3051 respiciunt
756 2970 889 3035 virtutes
904 2973 1077 3036 anteriores
1088 2977 1107 3055 ,¹

413 3082 574 3158 coguntur
586 3094 642 3156 per
653 3095 706 3140 eas
720 3077 769 3139 his
783 3095 909 3158 quoque
923 3079 1006 3140 ferre
1019 3078 1133 3160 fidem3

372 3188 416 3245 Ne
429 3197 505 3248 vero
517 3181 684 3261 quisquam
697 3186 874 3246 remaneret
884 3185 1042 3264 pendulus
1056 3187 1158 3266 ultra,

414 3288 455 3350 de
468 3306 502 3351 se
516 3287 659 3352 dicturus
672 3287 724 3352 ille
737 3294 870 3354 vocatus
884 3291 985 3354 adest.

373 3395 539 3476 Exeipiens
548 3393 638 3457 illum
650 3411 774 3459 summo
788 3400 964 3462 conventus
978 3399 1098 3462 honore

413 3502 531 3580 surgit,
546 3501 625 3563 etin
638 3500 738 3581 primo
753 3502 808 3564 dat
817 3502 955 3564 residere
966 3504 1047 3566 loco.

374 3613 461 3670 Tunc
473 3610 651 3671 Machomes
664 3625 793 3671 eausam
807 3613 983 3673 conventus
998 3611 1138 3694 quaerit,
1154 3617 1187 3676 et
1198 3632 1288 3680 unus

412 3730 507 3793 quem
519 3711 762 3776 commendabat
773 3713 898 3796 lingua,
914 3733 1031 3797 genus,
1043 3701 1206 3802 probitaS,
1442 3731 1443 3758 i

372 3824 497 3900 cygnea
512 3819 643 3883 canities
659 3821 742 3901 (quis
756 3820 840 3883 enim
853 3827 1069 3902 praesumeret
1082 3825 1171 3906 alter,
1441 3759 1443 3890 Ι

413 3927 469 3985 aut
482 3926 577 3988 sciret
588 3928 678 3987 tanto
693 3925 825 3988 reddere
836 3929 931 3990 verba
944 3926 1064 4010 virui),

305 4144 332 4198 (t)
348 4143 419 4198 Atque
433 4142 487 4185 dans
501 4142 529 4184 B.
