2914 4944
729 459 895 518 -394-

395 597 510 663 quem,
524 584 695 646 mandante
708 587 791 667 Deo,
806 585 920 649 detulit
931 586 973 648 nd
987 587 1151 666 pupulum.

356 688 501 752 Promisit
513 691 648 771 populus
661 691 785 756 Domini
799 709 834 756 se
844 695 937 774 jussa
950 693 1079 774 tenere3

396 795 454 859 sed
466 795 531 859 nitu
543 796 679 862 dissiluit
692 799 955 881 transgrediendo
964 798 1059 862 nam.

357 901 410 965 ilis
422 901 519 983 igitur
531 904 636 968 nausis
648 904 804 970 moriendi
818 906 889 986 lege
902 909 1060 986 tenemur,

396 1009 525 1074 exilium
538 1010 675 1092 petimur
687 1015 905 1095 tartareasque
917 1029 1041 1077 eruces.

357 1117 418 1181 Sed
430 1121 529 1200 Deus,
543 1119 602 1182 has
614 1119 782 1183 hominum
794 1135 914 1200 poenas
927 1117 1126 1200 miserando,
1143 1117 1264 1198 recepit

397 1225 544 1286 naturam
557 1229 718 1307 nostram,
733 1225 857 1306 virgine
867 1228 971 1289 matre
983 1227 1072 1288 satus
1083 1226 1126 1304 (1)
1138 1248 1148 1304 3

357 1334 392 1392 in
405 1330 495 1394 cunis
507 1331 645 1414 positus,
660 1331 743 1396 intra
755 1349 906 1413 praesepe
919 1332 1065 1412 locatus,

396 1438 564 1501 contectus
575 1439 690 1519 pannis
702 1437 817 1504 vilibus
828 1440 861 1502 et
871 1435 1027 1518 modicis3

356 1541 505 1606 Esuriens
515 1544 625 1625 panis,
639 1545 750 1609 sitiens
763 1545 854 1626 fons,
869 1543 958 1609 dives
971 1559 1113 1624 egenus,

396 1652 521 1729 praeter
533 1653 699 1732 pensatum
710 1655 826 1714 cuncta
838 1669 952 1732 gerens
963 1650 1109 1715 hominis.

357 1759 404 1819 Ex
415 1755 537 1820 infante
550 1774 641 1838 puer,
654 1757 711 1820 sed
723 1759 755 1820 et
769 1775 811 1820 ex
821 1774 921 1837 puero
929 1760 1138 1838 juvenescens
1151 1802 1161 1834 ,

396 1862 533 1942 denique
545 1861 595 1926 vir
607 1865 729 1944 iaetus,
744 1861 917 1944 discipulos
930 1859 1063 1942 hahuit3

356 1968 526 2033 vitandum
537 1969 667 2051 vitium,
682 1967 833 2035 virtutem
844 1969 925 2032 dixit
937 1968 1128 2047 amandam

397 2077 517 2156 respuit
530 2079 649 2157 elatos,
664 2075 840 2156 suscipiens
854 2075 1010 2156 humiles3

356 2183 511 2263 conjugio
524 2179 635 2245 docuit
646 2181 799 2261 praeferri
813 2181 1051 2262 virginitatem,

396 2288 437 2351 de
449 2306 514 2370 qna
527 2288 733 2368 praeceptum
746 2288 933 2350 nontamen
946 2286 1014 2366 ipse
1026 2285 1123 2350 dedit.

356 2395 547 2477 conjugium
561 2396 687 2458 eastum
698 2393 880 2476 mandavit,
899 2397 936 2456 ut
948 2411 1034 2457 unus
1048 2396 1156 2457 etune

397 2501 658 2567 consociarentur
671 2501 800 2565 foedere
814 2499 957 2582 legitimo
971 2529 980 2563 ι

359 2615 453 2691 Nam,
467 2609 590 2690 reliquo
601 2625 795 2690 quoeunque
808 2607 906 2672 modo
919 2625 956 2672 se
967 2606 1039 2689 quis
1049 2609 1247 2692 macularet,

399 2714 500 2796 turpis
514 2733 589 2779 eum
602 2715 684 2780 dixit
697 2713 837 2778 criminis
850 2731 921 2778 esse
931 2731 1032 2778 reum.

360 2823 513 2886 Omnibus
526 2821 664 2904 impendi
678 2821 839 2885 sincerum
849 2820 946 2902 jussit
958 2837 1102 2886 amorem

400 2930 564 3012 omnibus,
579 2932 616 2992 ut
629 2928 734 3010 capiat
747 2929 834 3009 quod
848 2927 907 2991 sibi
918 2927 1053 3009 quisque
1067 2927 1163 3009 cupit.

360 3037 439 3100 Hinc
452 3041 495 3115 (a)
509 3033 692 3099 circumcidi
707 3052 836 3098 carnem
846 3032 949 3100 vetuit
962 3033 1130 3115 genitalem
1142 3059 1151 3114 3

402 3140 628 3222 usquemodo,
644 3139 764 3220 dicens,
776 3140 837 3204 ista
851 3140 955 3220 figura
968 3139 1050 3221 tuit3

360 3249 406 3310 Re
418 3246 599 3325 praesente,
614 3243 719 3324 figura
731 3249 842 3327 vacet,
860 3243 1059 3326 baptismatis
1073 3245 1158 3310 unda

401 3348 453 3412 isti
466 3350 635 3439 succedat3
655 3352 735 3414 haee
747 3354 811 3414 stet
823 3353 855 3413 et
869 3350 923 3414 illa
933 3351 1040 3416 cadet.

362 3459 486 3536 Agnus,
501 3456 584 3538 ovis,
599 3456 718 3522 vitulus
729 3459 762 3519 et
775 3458 901 3520 caetera
913 3455 1007 3538 signa
1017 3457 1190 3541 recedant3

402 3579 467 3643 quo
480 3562 528 3625 sol
541 3562 737 3644 resplendet,
752 3579 818 3626 non
831 3563 928 3626 hahet
939 3565 1052 3627 umbra
1066 3563 1186 3628 locum.

362 3671 432 3732 iam
443 3668 683 3732 Pharisaeorum
695 3670 806 3748 procul
819 3668 925 3734 absint
936 3669 1128 3736 traditiones
1139 3698 1149 3752 3

404 3774 457 3860 lep
469 3777 561 3838 vetus
576 3773 734 3856 impletur,
749 3777 819 3856 lege
833 3773 961 3857 vigente
973 3793 1069 3842 nova.

295 4076 325 4131 (ι)
338 4073 414 4122 uanas
423 4074 480 4120 dans
491 4075 522 4129 s;
537 4074 593 4120 mais
606 4073 627 4120 ia
641 4075 749 4132 premiere
758 4074 808 4132 nt-
869 4077 898 4135 (a)
912 4076 982 4124 Hunc
995 4077 1052 4124 dans
1063 4076 1091 4122 B.

271 4136 460 4195 taneasttongne.
1022 4167 1028 4186 .
