2892 4940
555 475 720 530 —167—

183 601 210 662 si
224 601 338 663 dentur
352 601 508 664 enuennia
521 605 583 680 (1),
598 601 673 660 sunt
686 597 892 677 adulatoreaa

184 706 209 769 si
222 711 345 770 cessant
356 707 570 772 servitiasunt
581 707 789 770 attestatores
802 710 812 780 (
836 709 855 778 ).

185 849 265 926 Ergo
278 846 421 925 mi[m]mi
436 845 549 909 marito
566 847 616 909 vel
628 847 821 925 J'oculatores

183 950 243 1015 dici
257 957 408 1034 possunt,
427 951 543 1016 saeculi
557 953 607 1016 vel
619 951 816 1014 haratatores
828 955 872 1028 (3)
885 979 893 1033 ς

182 1057 315 1122 aliorum
329 1060 476 1123 ordinum
489 1059 571 1121 ilunt
584 1061 836 1139 contemptores,

183 1181 256 1227 nam
272 1183 305 1226 sc
319 1166 454 1227 credunt
467 1163 536 1226 aliis
550 1165 800 1228 excellentiores.

181 1310 238 1368 Per
252 1307 335 1387 lora,
350 1324 406 1386 per
419 1305 579 1370 nundinas
593 1310 690 1387 atquc
703 1325 759 1386 par
772 1308 892 1386 plateas

180 1411 363 1475 discurrunt
375 1438 384 1493 3
398 1430 454 1493 per
467 1430 609 1475 cameras
624 1432 684 1476 nec
698 1414 800 1476 vitant
811 1413 990 1494 c(lr)oreas;

179 1521 211 1580 et
225 1518 251 1580 si
265 1519 346 1581 fiunt
359 1518 505 1599 nuptiae,
519 1536 595 1581 mox
607 1519 729 1582 vadunt
745 1520 854 1582 adeas
870 1547 878 1580 ε

179 1625 268 1705 quod
282 1643 347 1688 non
362 1626 457 1706 credo
472 1625 588 1688 doceat
599 1629 721 1690 Baruclr
736 1629 787 1690 val
800 1627 966 1689 Michaeas.

178 1779 321 1856 Cumque
333 1793 389 1855 per
401 1775 581 1857 provincias
594 1779 669 1840 sunt
681 1776 902 1858 inquisitores,

178 1883 281 1943 malos
294 1881 495 1961 beatificant,
516 1880 670 1943 damnant
683 1881 848 1962 meliores,

177 1991 213 2050 ct
223 1987 278 2068 qui
290 1988 378 2050 cibos
389 1992 578 2066 praeparant
591 1986 636 2050 cis
650 1988 795 2070 latiores,

178 2111 266 2158 nunc
280 2093 363 2156 inter
373 2096 515 2156 caeteros
528 2079 628 2169 (sunt)
640 2095 734 2157 laude
745 2094 916 2176 digniores.

179 2357 220 2404 ne
234 2341 337 2404 solum
348 2341 496 2404 ecclosias
508 2345 661 2423 gravam,
676 2344 754 2407 haec
769 2343 924 2425 dicendo,

178 2445 237 2508 sed
250 2445 459 2524 parrochialia
470 2447 543 2525 jura
556 2446 730 2510 minuendo
743 2473 752 2529 3

178 2550 405 2630 propterquod
416 2553 491 2612 sunt
504 2551 607 2614 clerici
622 2553 696 2616 lacti
711 2571 776 2616 non
791 2551 953 2618 solvendo.

177 2701 238 2760 lsta
248 2697 413 2778 privilegia
427 2700 504 2760 sunt
517 2696 561 2758 ais
574 2697 697 2762 indulta

174 2819 291 2883 upupa
302 2801 468 2883 Gregorio,
488 2800 603 2882 quibus
617 2804 665 2864 est
678 2804 809 2868 suffulta

175 2926 293 2974 eorum
304 2909 516 2988 praesumptio
529 2910 664 2988 superba
677 2911 711 2970 et
723 2909 838 2990 stulta,

174 3021 207 3080 et
217 3013 432 3098 parrochialia
442 3017 516 3095 jura
526 3018 603 3079 sunt
614 3017 746 3096 sepulta.

177 3167 310 3232 Miratur
323 3167 356 3242 (l.
369 3168 541 3244 llutaturl)
554 3167 692 3232 Ecclesia
706 3185 725 3230 a
739 3169 823 3232 statu
838 3167 958 3248 priora,

180 3293 236 3354 par
247 3277 328 3336 hacc
341 3273 502 3354 privilegia
517 3274 549 3337 in
564 3273 740 3356 deteriore3

182 3381 308 3458 plorant
319 3397 378 3442 suo
392 3396 530 3443 canones
544 3399 652 3445 carcre
664 3381 792 3463 vigore,

181 3487 308 3564 plorant
320 3502 379 3550 suo
393 3485 497 3549 clerici
510 3486 622 3568 privati
637 3489 770 3551 honore.

117 3727 143 3783 ll}
170 3727 289 3784 Presants3
317 3725 443 3781 corruption
468 3729 569 3774 nouvelle
594 3728 622 3774 da
657 3729 718 3780 latu
732 3726 988 3783 ccmotmauqnadans
1001 3727 1195 3776 lanouvalaali-

98 3781 200 3840 haiam
209 3787 623 3846 audisaltordinaircmantflarana'am,
658 3789 704 3834 u'an
718 3788 746 3834 (la
759 3787 788 3834 du
801 3787 893 3846 Ganga:
907 3788 1023 3838 alumno
1042 3795 1076 3836 ast
1093 3793 1153 3837 rasta
1166 3805 1194 3836 en

96 3855 120 3888 ou
130 3860 168 3904 par
176 3849 285 3905 euphonia
297 3848 462 3894 Elaeensium.-
661 3849 746 3894 italien.

116 3921 204 3956 incana
214 3925 259 3955 aunt
267 3924 334 3963 epulor
347 3923 379 3956 aad
388 3926 432 3955 aunt
439 3927 543 3956 mamma
551 3923 600 3956 lana
686 3930 715 3986 (5)
736 3929 883 3986 [ωρωωιπῆ
904 3929 1053 3986 mmmm,
1075 3941 1104 3975 m
1120 3930 1195 3974 mne„

118 3965 416 4008 sarmasiacum
427 3967 613 4036 alermum·
659 3989 808 4042 auratasne
827 3990 854 4038 n
875 3980 1195 4050 summasunmna

192 4023 349 4080 Ebefhlfdlssa
365 4023 526 4081 &wmv
540 4025 575 4070 ⁰¹¹·
586 4031 621 4071 ¹¹·
659 4052 788 4109 etymologia
803 4049 861 4096 n'eat
871 4065 923 4109 pas,
942 4063 1028 4098 comma
1039 4065 1067 4098 cn
1077 4054 1133 4105 volt,
1148 4053 1194 4098 ala

118 4107 146 4162 la)
158 4109 188 4154 lla
197 4114 341 4155 commarcam
348 4112 387 4157 das
396 4110 489 4166 crinas,
500 4112 539 4158 das
551 4113 625 4159 uusa-
658 4114 752 4170 louanga
760 4113 789 4158 alu
802 4125 926 4160 commarca
939 4114 969 4160 du
980 4127 1059 4172 moyen
1069 4116 1120 4170 ega.
