2892 4940
571 536 734 593 —lll-

361 617 480 725 'Utrum
493 663 585 740 eulpa
594 661 635 724 sit
647 633 776 743 eorum,

368 765 474 827 nescit
488 764 638 828 Conditor
651 769 837 829 eunetomm
852 773 861 841 (
885 775 904 844 ).

412 873 536 950 Caesar,
552 887 643 949 reges
657 872 688 932 et
700 870 860 952 marchio,

266 1011 270 1020 .
369 966 455 1048 dux,
471 985 594 1049 comem
608 968 698 1030 miles
711 972 743 1031 et
753 971 848 1047 baro,

365 1073 481 1134 Omnes
494 1071 649 1153 principes
663 1075 818 1135 terrarum

365 1173 527 1253 possident
539 1175 578 1236 de
591 1175 655 1237 fide
668 1192 796 1256 parum,

364 1278 449 1339 lnter
462 1294 572 1340 omnes
582 1295 648 1340 non
662 1280 710 1340 est
723 1295 823 1358 unus,

363 1375 442 1456 quin
454 1376 603 1456 respiciat
616 1378 657 1440 ad
670 1396 807 1456 munus,

365 1485 403 1544 Et
413 1481 568 1560 justitiam
583 1487 754 1562 postponat
767 1487 810 1560 (2)

364 1603 422 1664 pro
436 1603 474 1649 eo
489 1585 639 1671 quidone
655 1586 763 1649 donat.

364 1695 422 1751 Per
432 1690 632 1770 tyrannidem
644 1693 676 1752 et
689 1691 820 1769 gloriam
834 1692 867 1766 (l.
880 1691 1041 1768 guerram)

365 1797 538 1876 disponunt
551 1796 668 1876 ubique
681 1799 799 1858 terram
811 1827 819 1877 3

362 1900 460 1979 Magis
472 1903 631 1979 quaerunt
644 1897 834 1961 christianos

365 1996 537 2075 debellare,
552 2013 649 2073 quam
663 2011 817 2074 paganos.

362 2107 431 2166 Non
443 2103 604 2181 verentur,
622 2118 687 2162 non
700 2101 890 2182 formidant,

361 2204 449 2284 quod
461 2203 615 2266 innocuos
627 2201 785 2266 occidant.

362 2311 424 2372 Cur
434 2311 500 2370 tam
514 2306 581 2368 dire
594 2305 669 2370 sinit
681 2309 763 2368 Deus

361 2414 447 2492 quod
460 2411 577 2476 oceidit
589 2413 622 2486 (l,
637 2409 773 2484 occidat)
784 2412 907 2489 justum
924 2416 1019 2474 reus?

364 2517 530 2591 Quondam
549 2515 636 2596 [qui]
650 2514 766 2578 milites
780 2515 891 2578 statuti

363 2623 472 2699 erant,
486 2622 522 2680 ut
534 2636 590 2697 per
603 2637 658 2680 eos
671 2617 732 2680 tuti

362 2727 474 2787 Essent
486 2721 619 2800 viduae,
634 2720 741 2799 pupilli

363 2825 547 2902 clerusque3
562 2837 648 2884 nunc
662 2822 694 2882 et
705 2819 748 2881 illi

363 2929 452 2989 Tales
462 2925 592 2988 minime
606 2922 801 3002 defendunt,

364 3033 420 3098 sed
432 3032 624 3112 praedantur
637 3033 669 3091 et
683 3028 854 3091 intendunt
870 3053 877 3088 ι

363 3143 422 3204 Cor
435 3156 547 3201 eorum
559 3135 660 3214 magis
674 3151 810 3214 pronum

362 3247 411 3307 est
424 3243 466 3306 ad
478 3242 597 3305 malum
610 3257 706 3319 quam
718 3238 759 3300 ad
772 3239 903 3300 bonum.

401 3348 507 3429 CiveS,
521 3344 659 3425 nobiles,
675 3360 877 3423 communes,

361 3466 433 3511 raro
446 3447 508 3511 doli
522 3449 598 3509 sunt
610 3444 766 3506 immunes
778 3469 786 3524 3

362 3547 486 3610 Nobiles
501 3543 703 3626 injuriantur,

363 3649 448 3714 cives
460 3666 536 3711 vern
553 3651 775 3726 foenerantur3

360 3761 403 3819 De
417 3753 562 3817 omnibus
576 3752 625 3815 his
633 3753 688 3816 -vel
701 3753 788 3814 ullus

361 3860 410 3921 est
423 3855 539 3934 fidelis,
554 3854 619 3920 sive
630 3855 746 3918 nullus

359 3963 479 4024 Nautae
492 3959 588 4022 maris
601 3962 633 4020 et
646 3957 769 4037 coloni,

85 4167 142 4272 idm
156 4163 189 4210 La
204 4154 276 4216 parile
286 4153 370 4211 publiea
385 4165 425 4209 par
437 4149 527 4197 wolfius
539 4149 629 4194 s'arrete
663 4147 880 4257 eipagtlcliopmamduns
897 4148 1035 4203 Naegeorgun
1047 4149 1201 4204 postponam,
