2914 4944
563 464 602 474 -
618 435 726 493 387-

187 554 273 627 Quae
287 555 368 616 solet
382 570 452 618 esse
463 571 568 640 super,
583 578 669 625 nuno
685 565 847 648 subiacet,
866 569 899 630 et
912 568 1065 635 dominari

224 676 306 738 quae
317 661 412 742 solet,
427 663 560 727 ancillae
572 683 659 730 nune
673 669 755 748 gerit
767 670 915 737 cilicium.

184 764 338 846 Quodque
350 767 452 847 magis
463 770 578 852 timeo,
597 773 749 853 quoniam
759 778 861 858 magis
875 784 925 843 est
936 782 1157 862 pudibundum

225 871 332 935 dicent
344 891 396 937 me
409 878 570 956 quondam
584 882 788 946 succubuisse
802 885 857 947 tibi
870 913 878 968 3

184 980 275 1053 Quod
286 981 312 1043 si
325 985 376 1046 vel
389 985 499 1050 leviter
512 989 749 1053 submurmuret
761 1011 845 1056 unus
859 996 899 1058 ad
912 1015 1029 1083 unum,

227 1086 259 1147 id
272 1105 399 1169 quoque
412 1090 438 1153 si
452 1093 569 1176 sciero,
584 1113 636 1158 me
649 1101 726 1176 puto
740 1101 833 1161 malle
847 1102 937 1164 mori.

185 1194 240 1254 Est
252 1193 348 1256 etiam
361 1214 528 1277 procerum
541 1201 618 1266 mibi
633 1203 742 1285 copia,
767 1205 821 1285 qui
834 1207 910 1269 mihi
926 1208 1041 1275 debent

226 1301 420 1380 temporibus
434 1305 527 1369 certis
540 1308 673 1372 reddere
687 1311 813 1374 servitia
825 1339 833 1393 3

184 1409 269 1480 Quos
283 1409 401 1487 pudeat
411 1413 528 1476 servire
541 1415 618 1478 mibi
631 1417 657 1479 si
673 1435 810 1498 nupsero
824 1439 933 1505 servo,

225 1512 270 1577 sio
283 1515 398 1597 bonor,
414 1520 446 1580 et
459 1523 587 1584 nostrae
599 1523 645 1586 sic
658 1525 843 1590 minuentur
856 1545 941 1609 opes.

185 1619 266 1693 Quin
280 1621 375 1686 etiam
389 1626 487 1707 servi,
503 1645 692 1695 conservum
707 1631 931 1717 despicientes,

225 1751 285 1797 nec
294 1735 350 1794 tua
361 1734 520 1796 curabunt
532 1751 592 1797 nec
604 1754 675 1798 mea
685 1740 774 1817 jussa
788 1741 888 1822 sequi.

185 1839 235 1902 Sic
246 1841 279 1901 et
290 1856 372 1920 quae
384 1841 522 1920 spondes
535 1858 576 1903 ex
590 1845 621 1904 te
635 1842 712 1906 mibi
726 1848 894 1910 commoda
908 1851 1059 1932 perdam,

225 1963 369 2026 quaeque
382 1949 475 2025 putas
489 1965 545 2027 per
556 1951 588 2010 te
599 1949 715 2012 damna
727 1969 840 2016 cavere
851 1955 961 2018 leram.
976 1979 991 2014 »

185 2055 302 2115 Cautus
316 2053 357 2116 ad
370 2055 449 2116 baec
461 2056 639 2119 blaobomes
654 2075 764 2120 aurem
778 2061 933 2140 patienter
946 2065 1097 2150 babebat,

225 2159 331 2222 cordis
344 2159 378 2222 in
391 2178 509 2224 arcano
523 2161 647 2242 singula
662 2166 757 2228 verba
772 2165 881 2230 locans
893 2195 902 2249 ς

184 2265 307 2345 Oraque
321 2283 517 2349 compresso,
533 2269 695 2332 modicum
709 2269 798 2353 silet,
813 2276 850 2335 ut
863 2275 1010 2341 videatur

222 2389 408 2451 responsum
422 2375 530 2453 magni
543 2376 693 2455 ponderis
706 2394 775 2440 esse
787 2396 900 2463 suum,

184 2476 260 2538 lnde
273 2476 382 2538 levans
396 2481 506 2540 oculos
520 2483 552 2540 et
562 2482 604 2557 (l)
618 2481 682 2543 oris
696 2485 833 2548 claustra
846 2489 1027 2553 resolvens:

226 2606 242 2640 a
255 2581 354 2644 Crede
367 2581 462 2663 mibi,
479 2604 495 2639 a
512 2584 607 2666 dixit,
624 2610 640 2645 «
656 2606 721 2652 non
735 2590 795 2652 nisi
808 2609 882 2655 uera
896 2595 1029 2675 loquar:

184 2686 215 2752 Si
228 2686 366 2750 libertati
380 2687 435 2749 tibi
449 2705 501 2749 me
513 2689 555 2766 (ἓ)
571 2690 690 2754 donare
703 2694 858 2779 placebit,

223 2811 305 2874 quae
319 2791 434 2856 metuis
450 2797 600 2873 poterunt
613 2798 700 2858 nulla
714 2816 830 2864 nocere
843 2802 899 2865 tibi
912 2831 920 2885 3

182 2900 299 2965 Nobilis
311 2903 367 2963 aut
379 2917 505 2982 servus,
520 2901 576 2963 tibi
590 2904 640 2966 vel
653 2903 730 2966 mibi
744 2923 839 2970 nemo
850 2909 997 2992 resistet,

222 3009 279 3069 aut
292 3007 386 3070 timor
399 3008 458 3070 bos
470 3009 599 3089 subdet,
622 3012 678 3071 aut
690 3011 824 3074 sociabit
837 3029 937 3076 amor.

181 3112 271 3178 Unde
285 3115 374 3176 tuam
386 3130 481 3176 nemo
494 3119 675 3194 praesumet
688 3117 813 3180 laedere
827 3121 962 3202 famam,

221 3219 278 3282 sed
291 3218 495 3282 benedicetur
507 3237 624 3285 nomen
637 3223 752 3303 ubique
765 3229 866 3288 tuum.

1166 838 1174 871 i

181 3325 312 3388 Divitiae
326 3331 486 3408 crescent,
501 3331 792 3408 augmentabuntur
805 3334 963 3416 honores,

221 3437 253 3496 et
265 3450 432 3513 procerum
445 3435 538 3497 solito
552 3439 653 3516 major
667 3437 726 3499 erit
738 3456 900 3502 numerus.

180 3540 469 3621 Multiplicabuntur
482 3542 621 3622 reditus,
642 3543 808 3622 augebitur
821 3563 916 3609 omne

217 3649 421 3728 quodminus
435 3666 503 3711 esse
517 3651 611 3730 solet,
627 3649 748 3732 villula,
770 3652 873 3734 vicus,
889 3671 985 3734 ager:

178 3755 234 3834 Et,
248 3755 335 3834 quod
350 3753 501 3835 promitto
514 3755 541 3817 si
554 3755 708 3836 nouerit,
724 3759 839 3820 excute
852 3757 978 3842 denteS,

219 3863 275 3920 aut
287 3859 389 3924 fodias
402 3862 530 3942 oculos,
545 3863 600 3922 aut
612 3860 689 3923 mibi
704 3863 779 3923 tolle
792 3867 898 3943 caput.
917 3886 931 3921 u

111 4081 140 4128 tl)
151 4081 196 4127 Sed
207 4083 263 4128 dans
274 4081 301 4125 Β.
681 4087 710 4129 (Ξ)
726 4085 756 4128 Te
765 4087 820 4132 dans
832 4087 858 4130 lt.
