2926 4952
725 493 763 500 ..
779 466 815 518 430
829 494 868 500 -

288 584 324 640 nt
337 599 417 660 aqna
429 583 597 662 sapientiae
607 586 752 648 salutaris
764 586 884 665 potavit
894 587 998 664 illmn⁷

563 699 600 759 m
615 701 759 776 paradysi
775 698 880 777 [lacius

561 809 650 863 tetum
669 804 765 864 erlem
783 804 944 866 coelestibus

556 909 700 988 iniceret
718 911 908 989 decanatibus.

287 1037 324 1095 Et
335 1035 510 1098 firmabitur
521 1035 554 1096 in
566 1035 637 1117 illc,
654 1041 687 1099 et
699 1057 763 1100 ncn
777 1040 937 1119 flectetur3
953 1043 984 1100 et
998 1037 1168 1102 continebit
1181 1040 1286 1121 illum,
1312 1044 1346 1101 et

248 1156 312 1200 ncn
324 1141 548 1222 contundetur,

564 1249 600 1309 Ut
618 1266 685 1309 erce
703 1249 786 1326 Syna
796 1251 907 1327 pesitus

556 1359 732 1429 permaneat
747 1351 911 1412 virtutibus.

289 1476 326 1534 m
339 1474 488 1535 exaltavit
499 1475 587 1536 illum
601 1475 684 1554 apud
697 1474 857 1555 proximos
871 1493 962 1556 suos,

564 1589 639 1650 Cum
653 1609 744 1668 ecquo
759 1591 861 1651 maadi
871 1589 971 1670 judice

560 1694 663 1754 throne
675 1696 818 1755 sedentem
828 1697 951 1774 clerice.

288 1828 321 1884 tn
336 1823 439 1885 medic
450 1823 606 1886 Ecclesiae
619 1823 740 1903 apernit
753 1843 789 1887 cs
803 1827 887 1906 ejnS,

562 1936 600 1997 In
612 1956 679 1998 cccc
694 1939 881 2017 eveeqelicc,

562 2043 602 2101 ad
620 2042 722 2102 divina
741 2043 913 2120 praeconia.

289 2174 326 2233 nt
338 2171 476 2250 implevit
489 2171 576 2232 illum
587 2170 696 2248 spiritu
709 2171 879 2250 sapientiae
892 2173 925 2233 et
935 2171 1112 2234 intellectus
1123 2219 1130 2249 ‚

566 2285 603 2346 Ut
611 2285 801 2346 morecclcns
814 2286 932 2364 aquilae

564 2395 667 2467 spectet
679 2388 768 2448 selem
780 2387 924 2467 institiae.

291 2521 328 2578 Et
341 2518 492 2596 stclamtt.
508 2518 617 2594 stolati
626 2517 743 2595 gloriae
754 2515 856 2578 induit
869 2533 959 2597 eum,

562 2632 644 2692 Inter
653 2632 830 2693 Sanctorum
841 2633 963 2711 eymine

566 2738 680 2796 coracis
692 2736 853 2798 rutilantia

565 2853 592 2904 et
606 2845 668 2904 lece
684 2843 753 2903 selis
772 2842 910 2903 candida.
930 2851 933 2856 '

290 2975 519 3037 locunditatem
533 2976 565 3035 et
578 2971 803 3034 exultationem
816 2969 1038 3033 thesaurisavit
1048 2990 1140 3052 super
1154 2991 1242 3054 eum,

563 3086 601 3146 In
618 3087 789 3163 enectorum
806 3086 892 3145 carie

560 3207 616 3265 per
634 3188 710 3264 feste
726 3187 919 3247 immortalia.

292 3314 329 3374 nt
342 3312 468 3374 nomine
481 3315 609 3373 aeterno
622 3309 828 3373 haereditabit
839 3311 944 3390 illum,

451 3469 453 3474 -
566 3421 658 3498 Quem
675 3423 782 3483 dilectit
797 3442 872 3501 pree
892 3421 1020 3482 omnibus

565 3526 667 3586 enices
685 3526 740 3586 Dei
752 3525 849 3604 filies,

293 3653 440 3714 Dominus
454 3657 534 3716 Deus
548 3653 665 3714 noster.

572 3766 790 3838 oJomaaaes
804 3765 945 3842 theoloye,
1039 3774 1043 3781 ·

573 3871 599 3933 0
617 3870 732 3930 Christo
747 3868 946 3946 dilectissime,

570 3975 627 4034 tuis
643 3974 732 4034 laetos
752 3970 899 4032 solemniis

570 4081 641 4142 cceti
659 4077 797 4158 conjeeye
810 4077 925 4157 qeadiis
934 4076 947 4134 l
