2892 4940
727 433 869 486 ⁴92-

362 547 415 610 hie
426 548 602 612 emundans
615 555 763 613 Naaman]
778 552 892 614 fluvius
905 552 1049 614 Iordanis
1062 558 1121 633 (1),

362 650 414 712 hic
427 651 562 728 (in)colis
575 655 666 734 syloe
679 657 912 730 (2)salusma1e
926 657 1029 737 sanis,

363 756 470 817 iumen
484 756 690 821 caecitatibus
704 762 870 823 conterens
883 760 1039 824 humanis.

362 889 485 948 Donum
498 887 580 950 Petri
594 888 688 951 datur
703 888 755 952 hic
768 889 883 953 claudo
894 906 983 970 spem
995 889 1141 968 habenti,

361 990 482 1054 donum
493 993 577 1056 dono
591 993 687 1056 ditius
700 1011 779 1057 auro
790 997 822 1074 (l.
836 994 918 1070 auri)
930 993 979 1056 vel
992 994 1113 1074 argenti
1126 1019 1134 1074 ς

359 1094 411 1157 hic
425 1096 480 1158 dat
491 1101 607 1161 Potens
622 1097 717 1159 effeta
731 1097 836 1178 loqui,
851 1115 916 1161 non
930 1098 1092 1178 loquenti,

361 1200 477 1264 surdus
490 1201 594 1282 audit,
609 1202 743 1265 effluunt
755 1202 857 1266 morbi
871 1202 1029 1266 virulenti.

360 1329 416 1393 Hic
428 1333 477 1394 est
490 1333 573 1394 furta
586 1335 733 1412 retegens
746 1331 820 1396 novi
832 1349 884 1394 ars
897 1331 1057 1411 sophistae
1070 1336 1113 1408 (3)
1125 1357 1133 1412 3

360 1434 412 1499 hic
424 1436 554 1500 insanos
567 1436 665 1500 lenies
676 1437 709 1511 (l.
725 1437 845 1500 leniens
854 1441 879 1512 i)
893 1438 1023 1517 cythara
1033 1434 1232 1514 psalmistae,

359 1541 412 1604 hic
426 1541 483 1603 das
494 1541 592 1604 vitam
605 1541 758 1621 mortuis,
774 1541 857 1605 vitae
871 1541 964 1604 dator
976 1540 1115 1621 Christe,

360 1643 411 1706 hio
426 1643 467 1704 ad
479 1644 617 1706 rhomae
629 1646 763 1725 gloriam
773 1645 862 1725 pellis
874 1661 968 1708 omne
983 1644 1081 1707 triste.
1119 1638 1123 1643 ’

359 1768 414 1831 Hic
430 1769 600 1833 descensus
613 1773 742 1855 Angeli,
762 1772 815 1836 hic
827 1775 875 1834 est
888 1789 989 1852 aquae
999 1775 1124 1850 motus,

359 1873 412 1936 hic
425 1873 519 1937 datur
533 1877 675 1939 salutifer
689 1895 790 1959 aquae
802 1875 923 1940 mixtae
936 1879 1049 1957 potua,

361 1977 413 2040 irio
426 1981 475 2040 est
487 1996 550 2059 quo
562 1995 650 2059 spem
662 1983 807 2046 refovent
821 1984 916 2043 notus
928 1982 960 2041 et
973 1980 1120 2059 ignotus,

362 2097 435 2143 curn
448 2081 584 2145 insomni
597 2084 774 2165 somnians,
789 2087 897 2146 astans
910 2087 942 2146 et
954 2087 1105 2146 remotus.

359 2207 493 2272 Sortitus
505 2209 701 2286 rudiculum,
715 2213 782 2290 jam
796 2209 832 2273 sit
845 2227 948 2272 sermo
961 2211 1050 2271 ratus
1060 2213 1120 2288 (i),

358 2315 477 2374 Romae
490 2312 692 2375 cantuariam
705 2317 845 2394 aequant
858 2315 1053 2376 commeatus
1069 2340 1076 2374 ι

359 2414 454 2476 estin
468 2416 586 2478 Thema
600 2417 740 2497 supplice
751 2417 912 2481 Jacobitac
925 2419 1028 2480 status
1040 2417 1101 2496 (5),

358 2517 489 2580 conchis
502 2517 552 2580 his
564 2519 598 2593 (l.
612 2519 687 2582 hinc
701 2522 745 2595 et)
758 2519 895 2585 vasculis
908 2522 1030 2582 remeat
1042 2522 1184 2582 ornatus.

357 2647 437 2705 Ecce
451 2644 517 2708 fera
530 2645 666 2725 pessima
679 2648 794 2728 Ioseph
807 2645 860 2709 ille
873 2648 1010 2726 stratus,

358 2763 432 2808 ecce
445 2745 522 2810 vivit
534 2751 698 2830 mortuus,
712 2749 820 2813 statim
834 2750 1035 2830 dominatus,

264 2923 293 2978 (t)
308 2924 409 2968 Naaman
428 2924 482 2969 avait
496 2936 526 2968 un
539 2925 629 2980 generat
641 2924 668 2969 da
685 2925 775 2970 l'arrnee
811 2925 878 2969 sensit
896 2926 981 2980 sciens,
1001 2925 1060 2981 quod
1083 2923 1180 2982 pixidem
1201 2936 1260 2980 aqua
1281 2937 1356 2981 nuper

237 2983 267 3028 du
279 2984 311 3029 roi
319 2985 347 3028 de
358 2985 435 3041 Syrie,
447 2986 565 3040 licenciati,
577 2975 695 3042 qu'Etyste
704 2986 777 3042 guerit
812 2987 929 3042 implesset.
940 2987 999 3033 Mira
1009 2998 1044 3031 res
1054 2987 1059 3030 t
1070 2985 1171 3030 rixidem
1182 2988 1288 3030 continuo
1297 2998 1354 3042 ape-

237 3046 266 3090 de
276 3045 297 3090 ia
310 3046 381 3103 ieprc,
400 3057 428 3090 en
447 3046 467 3091 ie
483 3046 565 3090 faisant
582 3059 606 3091 se
620 3047 712 3104 baignar
729 3053 778 3102 sept
813 3055 906 3092 ruerunt
919 3055 942 3094 et
953 3060 1050 3092 vacuam
1061 3048 1206 3100 invenerunt,
1218 3047 1297 3103 sicque
1308 3059 1357 3093 aer·

239 3106 281 3152 fois
297 3108 353 3153 dans
367 3108 386 3152 ie
403 3107 525 3163 Jourdain3
539 3107 611 3160 Rois,
631 3107 646 3152 1.
658 3121 689 3163 iv,
705 3109 741 3152 cir.
751 3113 776 3163 5,
812 3111 876 3153 viena
893 3109 916 3153 in
937 3109 1053 3154 mendacio
1070 3107 1180 3164 reperitur
1198 3113 1220 3152 et
1234 3107 1288 3152 iurti
1301 3121 1355 3153 reus

240 3179 262 3212 v.
276 3174 285 3212 t
299 3173 366 3212 etti.
813 3171 936 3215 evidentius
958 3169 1108 3226 approbatum
1133 3169 1241 3228 Leaenae
1263 3182 1353 3221 eona,

265 3238 293 3295 (Ξ)
308 3237 399 3284 G’estla
414 3238 510 3283 fontaine
524 3247 610 3282 connue
625 3249 677 3281 sous
693 3236 713 3281 ie
725 3247 775 3281 nom
813 3253 837 3296 p.
848 3245 883 3284 69.

238 3300 267 3344 de
278 3299 348 3356 fleqel
361 3312 390 3343 ou
402 3299 436 3343 de
451 3297 540 3344 Fauiam
556 3299 611 3342 dans
625 3297 696 3342 Joaei
711 3298 776 3342 oties

237 3361 320 3405 Livres
333 3360 374 3404 des
392 3359 454 3404 Rois.
469 3359 537 3404 L'eau
550 3371 579 3402 en
590 3359 645 3402 tant
657 3358 716 3403 salac
729 3359 775 3403 sui-

236 3429 290 3467 vant
297 3423 429 3478 Moneonvs,
442 3419 528 3478 i'oyeqe
537 3419 566 3464 de
574 3419 599 3463 la
608 3419 679 3465 Terre
689 3421 776 3474 cointe,

237 3490 253 3528 t.
270 3485 305 3539 ii,
317 3496 338 3540 p.
348 3488 388 3538 383
401 3494 437 3527 ses
447 3482 569 3538 proprietas
578 3480 738 3526 bieniaisantes
747 3481 777 3525 iui

238 3545 329 3590 avaient
342 3545 377 3588 ete
397 3544 517 3588 accordees
530 3543 544 3587 a
558 3543 579 3587 ia
596 3542 707 3598 prioratu
719 3545 777 3598 pro-

238 3606 304 3662 phete
318 3607 391 3660 lsaia;
410 3606 468 3650 saint
487 3593 619 3661 epiphane,
639 3605 673 3650 De
692 3605 778 3650 oiteet

837 3334 866 3390 (t)
881 3334 912 3378 ce
930 3344 981 3377 vers
1001 3332 1085 3377 sembie
1105 3333 1207 3391 iodiqoer
1220 3345 1265 3378 une
1278 3334 1354 3389 poesie

811 3395 925 3452 populaire
945 3394 1000 3438 daos
1021 3394 1041 3439 ie
1062 3405 1114 3438 sens
1133 3395 1229 3451 grossior
1246 3395 1275 3438 du
1289 3401 1352 3449 mot;

813 3459 870 3502 mais
885 3455 1029 3501 l’aiiectation
1047 3456 1086 3500 des
1104 3458 1160 3512 jeux
1179 3458 1206 3500 de
1226 3461 1318 3500 moveat
1332 3457 1354 3500 ia

812 3517 934 3563 recherche
957 3518 986 3561 du
1007 3518 1063 3574 style
1086 3525 1108 3562 et
1128 3519 1166 3563 des
1186 3518 1279 3574 penaeas
1297 3529 1355 3562 nous

813 3577 944 3683 attat
959 3579 1121 3696 ‘iiiiii
1134 3578 1355 3684 'a'tttttctt

238 3665 777 3792 migitesziggrze‘aanrtzz'iiiiiszigaquamsimpii-
812 3711 880 3806 ἷὶᾟιθ
901 3712 987 3746 mmm
1006 3711 1036 3744 ¹¹⁰
1058 3699 1197 3756 oem⁰i⁸⁰⁸⁸⁰
1219 3700 1355 3756 dy⁸ppr⁰bffl

238 3809 288 3841 cem
300 3808 339 3852 pro
350 3809 408 3852 aqua
426 3799 499 3842 sancti
513 3799 613 3843 Ttomae
628 3798 716 3842 domino
736 3809 776 3841 suo
857 3840 860 3848 ,

237 3859 260 3902 in
278 3858 351 3915 pixide
365 3858 443 3903 obtutit
464 3861 603 3914 convivanti,
620 3859 657 3904 cui
674 3859 777 3904 dominus
838 3864 866 3918 (5)
881 3861 899 3906 it
911 3861 958 3907 iant
969 3863 1097 3907 sanciente
1107 3860 1148 3907 iire
1161 3861 1273 3918 Theman
1285 3863 1355 3910 Jaco-

237 3920 286 3964 ait:
305 3920 352 3964 «Si
365 3919 394 3964 nii
411 3932 510 3977 unquam
531 3919 617 3964 iuratus
632 3920 691 3964 inisti
709 3919 775 3974 mihi,
811 3922 868 3978 otte,
879 3924 967 3969 Piiarin
980 3924 1007 3968 de
1016 3924 1074 3969 saint
1085 3923 1195 3980 Iacqaes,
1209 3931 1230 3969 et
1241 3937 1284 3981 par
1293 3927 1353 3973 suite

235 3988 327 4027 sanctus
336 3981 434 4026 Thomas
443 3993 525 4037 aquarn
537 3982 582 4025 huc
591 3987 613 4025 te
626 3981 711 4026 deferre
723 3993 774 4038 per-
810 3983 1056 4040 simplementretarin‚
1068 3989 1103 4030 est
1112 3997 1156 4030 une
1166 3998 1230 4031 craso
1241 3986 1270 4032 de
1281 3987 1354 4032 Jaco-

238 4043 323 4097 mittan
337 4043 356 4087 si
370 4048 445 4088 autem
459 4055 511 4088 rcus
526 4042 580 4086 iurti
598 4055 636 4098 es,
651 4055 710 4100 aque
727 4043 774 4098 ipsa
809 4043 889 4101 ὑδρεία
901 4046 940 4103 qui
955 4057 979 4090 se
996 4052 1074 4090 trouve
1088 4046 1143 4091 dans
1161 4048 1182 4092 ie
1198 4047 1311 4093 Glossaire
1324 4051 1352 4094 de

237 4103 336 4157 protinus
346 4110 491 4149 evanescat.»
505 4103 564 4148 Huic
576 4105 642 4159 igitur
653 4104 712 4151 dicto
720 4117 775 4150 con-
810 4107 922 4152 iohannes
931 4107 958 4151 da
969 4107 1049 4152 lanua.
