2892 4940
514 475 677 531 -171-

142 596 261 656 Partem
272 611 397 676 quoque
411 598 582 662 maximum
595 601 822 662 subtraxerunt
836 601 938 676 sures,

143 697 253 760 deinde
267 700 427 764 residuum
439 703 648 766 comederunt
661 719 785 782 mures3

142 806 174 864 et
183 805 215 879 (l.
226 809 290 881 etl)
301 807 328 868 si
342 807 422 871 scire
434 809 566 872 forsitan
580 808 745 874 veritatem
759 825 868 889 cures,

142 911 235 972 testes
247 910 302 974 tihi
317 913 462 978 dabimus
474 914 530 996 qui
541 915 689 980 viderunt
701 916 818 994 plures.

141 1041 197 1116 Qui
209 1060 275 1106 non
285 1044 404 1109 hebent
416 1047 528 1112 bibliae
539 1051 584 1124 (1)
596 1047 655 1110 sibi
668 1049 890 1128 praeparatus,

143 1147 185 1211 sic
198 1150 305 1214 fantur
319 1153 472 1234 episcopis
487 1183 495 1217 ι
510 1157 643 1218 llnltum
654 1151 835 1217 diffamatus

147 1255 267 1318 hebetis
280 1257 421 1324 dioceses
434 1263 466 1324 et
476 1261 715 1342 coinquinatas3

143 1361 231 1424 nobis
245 1368 371 1428 constat
383 1368 529 1430 haereses
542 1366 584 1431 ibi
598 1367 779 1430 seminatas

143 1497 208 1558 Non
221 1499 356 1560 utuntur
367 1499 470 1563 cleriei
483 1501 583 1563 nostri
594 1499 808 1564 vestimentis

143 1602 196 1664 sed
207 1606 322 1667 tenent
331 1606 482 1686 focarias,
496 1608 582 1688 qnod
594 1609 713 1670 clamor
725 1610 774 1669 est
787 1603 891 1686 gentis

143 1816 228 1896 quod
239 1817 500 1898 exgradientihus
512 1821 605 1898 pacet
615 1815 822 1896 argumentis.

141 1950 200 2011 Aut
214 1949 295 2011 haec
309 1948 470 2029 inquisitio
484 1948 576 2010 nobis
592 1949 841 2028 oolmlrnittetur,

141 2055 241 2118 autin
256 2072 316 2118 nos
329 2054 458 2118 infamia
472 2057 540 2117 totu
554 2057 767 2118 convertetur.

142 2164 292 2224 innuunt
305 2160 441 2242 episcopi
457 2188 465 2222 ι
481 2178 557 2224 nem
570 2161 702 2242 quisquo
715 2163 854 2240 veretur,

142 2266 172 2328 ni
185 2267 354 2344 favere[n]t
366 2267 543 2349 Fratribus,
558 2267 645 2349 quod
658 2266 853 2329 actitaretur.

143 2401 337 2481 inquirentes
350 2399 447 2481 igitur
458 2401 561 2480 primo
575 2398 763 2464 clericorum

143 2507 179 2569 de
190 2507 260 2571 vita
271 2509 303 2568 et
314 2507 472 2586 moribus,
488 2509 562 2586 post
573 2507 653 2568 haec
664 2505 837 2586 laieornm3

141 2613 284 2678 scribunt
296 2617 420 2678 Fratres
434 2611 568 2678 divitum
578 2616 704 2692 perenn
716 2629 860 2691 reorum,

49 2756 53 2790 ·.
142 2723 245 2784 elnon
262 2723 375 2783 curant
388 2719 525 2782 scribere
537 2720 646 2797 culpas
662 2735 847 2797 egenorum.

142 2854 261 2917 Dehinc
274 2869 366 2914 reum
379 2851 619 2930 corroserint,
636 2851 728 2912 turba
739 2851 871 2928 rejecta,

142 2959 276 3024 dicunt:
292 2959 355 3020 lstn
367 2956 499 3020 crimine
511 2958 587 3019 sunt
598 2954 653 3018 tibi
666 2956 811 3034 objectn3

144 3081 220 3143 pone
233 3064 334 3128 libras
348 3062 528 3144 quindecim
541 3062 575 3123 in
588 3063 698 3126 nostre
713 3061 843 3124 collecta
856 3105 864 3138 ‚

145 3175 174 3234 et
185 3176 241 3236 tua
258 3169 376 3251 llngitin
389 3187 455 3232 non
469 3171 563 3233 erunt
577 3168 711 3231 detecta.

147 3305 269 3384 Denso.
277 3308 373 3378 Reus)
382 3303 437 3364 dat
445 3300 604 3383 denarios,
612 3303 736 3363 lintres
747 3298 900 3380 scriptum
908 3299 1047 3362 reddunt
1057 3300 1092 3374 (l.
1104 3315 1160 3360 rn-

149 3411 190 3473 sit
202 3411 234 3488 (l.
245 3409 303 3482 sio)
313 3409 446 3472 infames
457 3407 584 3489 plurimi
595 3425 652 3488 per
663 3409 834 3484 nummus
848 3407 988 3472 evadunt
1002 3435 1010 3468 ε
1035 3407 1140 3483 [dunt)
1151 3433 1162 3486 l

150 3514 203 3598 qui
215 3535 281 3580 non
291 3516 325 3591 (l.
340 3516 441 3577 totum
450 3517 475 3590 l)
485 3512 653 3594 pecuniam
666 3531 763 3595 quum
775 3515 904 3594 petunt,
916 3532 981 3578 non
995 3511 1138 3591 trudunt,

150 3623 242 3685 simul
252 3621 310 3699 (in)
323 3619 486 3684 infamium
497 3623 529 3682 et
541 3619 575 3682 in
586 3637 721 3700 poenam
735 3619 863 3682 eadunt.

150 3757 223 3819 Post
235 3755 314 3818 hacc
325 3752 559 3834 eoepiscopus,
572 3751 678 3816 bursis
691 3750 737 3814 sic
746 3750 891 3832 repletis,

150 3863 342 3948 revertentes
353 3857 522 3938 inquiunt=
538 3859 680 3921 Gaudere
695 3855 836 3937 debetis3

95 4060 118 4116 ll)
136 4062 231 4118 liorem
253 4075 281 4108 on
301 4064 320 4107 le
340 4071 470 4110 retrouvern
487 4063 536 4119 plus
553 4061 593 4105 bes
627 4062 707 4107 edition
720 4061 747 4105 de
758 4061 786 4104 du
799 4059 873 4116 Gnrrge
887 4059 993 4106 nedonrre
1006 4071 1050 4116 que
1064 4055 1158 4104 Βίωνι.

72 4130 117 4166 creo
135 4125 155 4170 le
169 4131 245 4172 neno
264 4123 432 4181 rlgnllonlons
453 4125 472 4170 ln
493 4122 593 4168 nouvelle
