2902 4940
729 464 893 520 -192-

256 595 360 654 menta
381 594 414 654 et
430 590 617 652 cantatellae
631 587 746 667 quihus
763 589 812 650 vel
831 587 968 649 maxime
986 587 1131 666 Sagillius
1148 590 1325 652 Germanus
1338 593 1366 651 et

257 695 397 759 Vitellius
413 695 555 756 utuntur.
572 695 611 755 ut
624 691 676 753 ille
688 690 816 770 quidem
827 689 859 751 in
871 689 976 752 libello
990 693 1031 751 lle
1043 693 1124 752 mori
1138 698 1165 752 et
1177 693 1275 754 lona.-
1449 689 1450 694 ’

414 858 593 920 Cucurrunt
606 873 670 918 una
682 855 752 919 vice

414 963 534 1024 altante
547 963 725 1042 temporum
739 963 853 1042 gande.

297 1139 357 1198 lste
370 1152 445 1199 vero
460 1134 492 1197 in
506 1134 600 1197 laude
613 1137 774 1197 Matronae
786 1135 896 1197 uxoris
911 1152 987 1197 suae
1000 1135 1185 1197 cantatellas
1197 1133 1277 1196 satis
1291 1133 1371 1196 intu-

257 1238 312 1318 lit,
328 1236 360 1299 in
373 1237 512 1316 quadam
525 1236 569 1299 ita
582 1235 696 1299 infiens
710 1265 717 1298 ι

413 1401 480 1461 Mea
494 1401 652 1478 Matrona,
668 1402 756 1460 tuam
768 1400 940 1479 amplector
953 1417 1082 1480 zonam,

415 1502 506 1565 nohis
520 1501 625 1564 anima
639 1519 703 1564 una
717 1504 827 1578 haeret
840 1519 941 1582 aquae
954 1507 1078 1566 arctum
1091 1508 1143 1583 (t).

296 1673 371 1736 llais
386 1673 425 1735 de
438 1674 616 1736 nombreux
630 1677 663 1736 et
675 1673 882 1737 irrecusables
896 1674 1113 1755 temoignages
1127 1693 1209 1739 nous
1229 1693 1371 1756 appren-

256 1781 334 1841 nent
343 1778 419 1858 qu'il
433 1795 474 1842 en
487 1778 614 1841 existuit
627 1797 671 1842 un
686 1780 788 1858 grand
799 1781 951 1861 nombre,
970 1798 1050 1843 nous
1065 1798 1181 1844 savons
1194 1785 1305 1846 meme
1317 1801 1372 1862 par
1449 1769 1450 1808 ;

257 1904 302 1946 un
320 1901 452 1964 passage
477 1885 540 1946 tort
563 1887 697 1947 curieux
716 1885 756 1947 de
778 1882 876 1966 Bede,
900 1903 962 1964 que
979 1877 1025 1948 les'
1048 1885 1170 1966 poe'sies
1192 1887 1374 1966 populaires

258 1988 384 2052 avaient
398 1987 453 2050 des
466 1989 558 2050 11111ο
571 1986 664 2050 siecle
678 2007 741 2051 une
757 1989 968 2053 versification
984 1989 1150 2053 differente
1172 1991 1229 2053 des
1254 1997 1372 2055 autres.
1449 1979 1450 1984 ἵ

260 2117 276 2151 «
292 2093 422 2155 Videtur
442 2094 549 2152 autem
569 2092 737 2171 rhythmus
751 2093 859 2154 metris
878 2110 947 2154 esse
966 2092 1159 2174 consimilia,
1181 2111 1267 2174 quae
1288 2096 1374 2170 (lisca

259 2197 446 2278 consimilis,
469 2196 536 2275 qui)
556 2199 605 2257 est
625 2197 795 2259 verborum
815 2199 978 2263 modulata
999 2200 1202 2282 compositio,
1223 2220 1294 2264 non
1317 2221 1377 2265 me-

259 2302 339 2364 trica
352 2299 476 2362 ratione
489 2299 545 2360 sed
563 2317 695 2362 numero
709 2302 920 2383 syllaborum,
936 2304 975 2364 ad
987 2303 1143 2383 judicium
1154 2303 1285 2367 aurium
1299 2323 1377 2368 exa-

259 2405 390 2484 minata,
404 2406 441 2465 ut
454 2404 530 2464 sunt
542 2401 681 2464 carmina
695 2404 873 2482 vulgarium
882 2409 1048 2483 poetarum
1056 2406 1106 2486 (2).
1122 2427 1136 2462 a
1149 2406 1239 2472 saint
1251 2407 1377 2472 Gosaire
1447 2445 1449 2470 1

261 2507 354 2570 disait
368 2507 447 2569 dans
460 2508 489 2568 la
507 2505 660 2586 promi'ere
677 2507 785 2568 moitie
799 2507 842 2570 du
855 2511 905 2570 Vl⁰
919 2507 1032 2572 siecle:
1046 2531 1061 2566 a
1078 2513 1179 2584 Quam
1191 2511 1289 2573 multi
1305 2529 1377 2574 rus-

259 2611 312 2674 tici
325 2659 333 2692 ,
347 2627 443 2691 quam
456 2611 574 2672 multae
587 2609 724 2671 rusticae
733 2610 880 2673 mulieres
893 2612 1015 2674 cantica
1030 2611 1203 2693 diabolica,
1218 2616 1376 2677 amatoria

260 2719 293 2778 et
313 2714 433 2796 turpia,
456 2731 512 2777 ore
535 2713 707 2775 decantant
729 2716 791 2792 (3).
814 2736 829 2770 >a
853 2719 899 2778 En
922 2723 999 2796 585,
1028 2716 1093 2777 lors
1117 2716 1157 2777 de
1180 2716 1318 2780 l’entree
1340 2719 1378 2781 de

259 2820 476 2881 Guntchramn
494 2817 512 2880 a
528 2817 657 2880 Orleans
673 2846 680 2878 ε
696 2841 711 2876 a
727 2819 917 2881 Processit...
940 2818 1112 2882 inobviam
1130 2821 1199 2899 ejus
1219 2819 1378 2885 immensa

256 2921 364 3001 populi
386 2923 479 2984 turba
499 2938 571 2984 cum
595 2920 693 3000 signis
714 2925 808 3000 atque
831 2921 971 3004 vexillis,
993 2924 1143 2985 canentes
1161 2921 1274 2986 laudes
1288 2929 1344 3004 (l).
1361 2948 1374 2981 1
1448 2981 1449 3000 ,

257 3024 394 3089 Environ
409 3026 482 3088 cent
500 3022 669 3103 cinquante
687 3040 744 3084 ans
759 3021 866 3103 apres,
886 3023 970 3086 saint
985 3023 1132 3098 Bonilace
1149 3025 1199 3086 t'ut
1214 3025 1323 3106 oblige
1339 3028 1376 3089 de

286 3272 315 3325 (1)
329 3269 433 3324 spicoma
448 3268 498 3321 lll,
512 3267 567 3309 dans
581 3268 612 3310 lll.
630 3268 688 3320 ltlai,
707 3265 797 3311 Clausi·
833 3267 861 3310 dc
870 3267 970 3324 pechio,
981 3279 1021 3323 par
1035 3267 1135 3326 l'eveque
1146 3270 1173 3313 de
1184 3269 1293 3324 Lineoln,
1306 3271 1377 3316 Gros-

258 3344 338 3375 corum
350 3333 473 3372 auctorum
486 3329 633 3383 srupmcutu,
648 3335 664 3371 t.
679 3329 706 3380 V,
718 3341 738 3382 p.
751 3335 796 3373 112.
832 3334 920 3382 setestc,
931 3341 974 3385 que
982 3329 1066 3374 liobert
1074 3331 1101 3375 de
1112 3333 1200 3375 Brunne
1208 3332 1302 3388 tltohert
1310 3335 1377 3379 1111111-
1448 3331 1449 3334 ’

259 3393 364 3440 Mahillon
374 3403 386 3434 a
398 3390 441 3433 eite'
450 3391 505 3433 dans
514 3401 553 3432 son
560 3388 593 3431 De
601 3401 628 3432 re
637 3388 797 3444 diplomatica,
833 3393 899 3445 nyug)
909 3390 944 3444 lit,
957 3403 1008 3435 vars
1018 3396 1082 3444 rtoo,
1094 3405 1123 3436 ou
1134 3399 1212 3436 trouve
1223 3394 1378 3442 mentionnees

258 3456 274 3500 l.
292 3467 329 3509 11,
348 3467 369 3510 p.
384 3455 439 3506 2⁴6,
458 3451 512 3494 trois
532 3450 601 3506 lignes
620 3450 685 3493 d'une
699 3451 796 3496 chanson
833 3463 871 3495 ces
884 3453 936 3495 trois
950 3452 1019 3508 lignes
1033 3453 1098 3498 d’une
1111 3454 1197 3498 rondes

259 3516 425 3574 prohublement
436 3525 475 3557 sut·
488 3511 647 3568 Charlemttgne
659 3524 664 3554 1
876 3526 975 3565 Equtruhat
984 3529 1032 3559 Bcvo
1041 3537 1073 3567 per
1082 3529 1153 3567 sylvam
1162 3525 1268 3560 frondosam
1277 3538 1282 3568 ς

875 3570 953 3602 ducebat
963 3579 1024 3603 secum
1034 3573 1160 3612 Merwyndaru
1170 3571 1275 3605 tommosam.

875 3615 923 3654 Quill
933 3620 1003 3648 1111111111
1012 3618 1020 3649 t
1032 3617 1068 3649 Cur
1078 3626 1115 3648 non
1124 3617 1189 3648 turus?

697 3738 701 3747 Ι
858 3687 886 3743 ts)
905 3688 937 3732 Da
958 3689 1062 3733 metrica*
1076 3688 1185 3743 ratione,
1207 3689 1303 3746 Opera,
1321 3699 1338 3736 t.
1354 3694 1375 3744 l,

287 3739 450 3794 L'archeveque
463 3740 490 3782 da
503 3738 651 3794 Cantorbtry,
666 3737 796 3782 Etrennede
833 3752 874 3794 001,
890 3753 923 3794 lt.
1447 3747 1448 3756 ¹

259 3800 797 3917 1111ὲῖ1111111111ἱ11112113ἓ11111
860 3835 1377 3894 arnuamn1,opu‚aaa...

259 3937 298 3970 son
311 3934 460 3968 amoureuse:
834 3901 893 3941 ¹⁵³⁸·

369 3998 421 4028 snut
429 3995 489 4028 rurum
499 3995 547 4026 rata
556 3994 631 4035 spinas,
855 3984 882 4038 (l)
893 3984 997 4039 Grc'goire
1006 3985 1033 4028 de
1042 3984 1121 4038 Tours,
1133 3984 1242 4029 Historia
1249 3986 1378 4032 eeclesias·

369 4043 395 4074 sio
406 4039 637 4073 animumanimumum.
830 4045 877 4089 um
895 4045 1054 4098 Francorum,
1073 4046 1089 4089 1·
1113 4059 1166 4102 vm,
1183 4059 1206 4103 p·
1223 4054 1279 4105 375,
1298 4052 1335 4096 ω.
1351 4052 1377 4095 ὼ

286 4111 346 4154 Dans
361 4107 382 4152 la
396 4106 519 4150 traduction
540 4105 638 4160 anglaiso
657 4106 685 4148 du
702 4103 795 4149 Monacat
831 4106 934 4151 Ruinart.
