2914 4944
586 439 698 500 —lol
711 471 751 482 —

304 565 461 630 Posterior
474 569 552 630 natu
566 569 734 655 iratribus,

303 671 370 734 suis
380 673 414 748 (l.
425 672 494 748 sed)
505 689 612 736 amore
623 672 710 754 prior
722 671 880 752 omnibus,

303 795 399 860 quem
411 777 663 842 moriensmater
673 778 860 859 Bennonim,

302 885 392 963 pater
403 881 546 963 gaudens
558 882 638 946 dixit
650 883 816 966 Beniamin
823 889 875 964 (1).

302 1015 466 1080 Blanditiis
478 1015 542 1080 tuis
554 1017 707 1082 miserum

298 1121 460 1184 revelabas
471 1121 569 1201 patris
578 1122 765 1201 senniumll.
776 1121 930 1203 senium);

299 1226 406 1290 l'ratris
415 1227 794 1311 mihireddensspeeiem
967 1233 969 1237 '

298 1335 332 1396 et
346 1333 461 1397 decore
473 1335 584 1398 matris
595 1337 718 1401 faeiem.

358 1466 496 1531 Pueriles
508 1469 641 1532 naeniae

356 1590 452 1654 super
465 1565 578 1638 cantus
589 1594 700 1641 omnes

358 1679 460 1743 orbati
474 1680 619 1744 miseriae

357 1787 444 1849 senis
456 1791 547 1850 erant
558 1787 679 1852 dulces.

355 1922 508 1985 informes
521 1919 556 1984 in
570 1920 669 2002 facie,

356 2028 457 2091 teneri
470 2045 652 2111 sermonen,

356 2151 484 2199 omnem
498 2135 698 2217 eloquentiae

358 2241 466 2306 favum
480 2240 752 2306 transcendentes.

355 2379 496 2438 Duorum
510 2373 624 2438 solatia

352 2477 550 2556 perditorum
559 2477 700 2538 maxima

355 2581 488 2660 gerebas
500 2581 534 2643 in
546 2583 589 2661 te,
604 2581 681 2663 Fili3

359 2685 428 2766 pari
439 2685 675 2767 pulchritudine

355 2795 596 2872 repraesentans
608 2795 780 2874 utrosque,

355 2897 511 2962 reddebas
524 2897 570 2961 sio
579 2915 631 2961 me
644 2897 732 2962 milri.

356 3027 434 3092 ilinc
446 3029 552 3092 tecum
563 3029 623 3090 hos
636 3027 758 3109 perdidi

353 3137 387 3196 et
398 3134 469 3215 plus
478 3135 566 3215 justo
579 3134 668 3198 tenui

355 3241 440 3303 hane
452 3239 608 3323 animam,
623 3239 678 3302 Fili
691 3240 735 3303 mi
747 3266 755 3320 3

358 3348 463 3410 aetate
475 3349 511 3410 tu
522 3349 691 3428 parvulus,

357 3453 390 3516 in
403 3452 514 3515 dolore
527 3451 701 3532 maximus,
784 3494 787 3500 =

357 3557 440 3622 sieut
450 3558 563 3639 matri,
578 3556 624 3622 sio
635 3557 726 3639 patri.

357 3694 439 3758 Deus
450 3691 502 3756 eui
515 3691 635 3775 servio,

128 3980 158 4035 ll)
172 3978 264 4038 Buteoni
275 3978 361 4034 sinnida
369 3988 398 4023 on
408 3976 493 4024 hebrea
505 3978 551 4024 Fila
563 3977 591 4023 de
603 3989 639 4022 ma
674 3977 873 4024 l'avanl-darnitre
885 3977 974 4034 streptu
992 3987 1036 4024 aare
1047 3977 1139 4025 allusion
1159 3966 1173 4026 l
1196 3969 1216 4026 la

101 4039 203 4096 dubus,
216 4045 240 4085 et
250 4037 392 4096 Mania,
407 4038 452 4084 ltin
462 4039 490 4084 de
504 4053 541 4085 ma
554 4038 639 4094 droth,
675 4037 820 4096 signiioation
834 4039 956 4098 aestuque
969 4039 997 4086 de
1009 4038 1109 4088 lienosi.

103 4113 156 4148 aaron
176 4101 253 4148 anian
273 4101 343 4148 oleri.
370 4101 406 4148 on
434 4105 565 4148 retrouvara
585 4100 641 4146 daus
