2892 4940
711 450 876 506 ..168-

336 569 386 631 Fis
398 570 514 631 dantur
527 570 648 649 omnia,
665 587 724 633 nec
737 571 826 634 deest
839 586 967 648 revera,

334 675 421 755 quod
433 692 581 738 mensura
590 675 697 739 rarius
705 678 792 753 (hoc)
804 676 889 757 capit
901 679 1017 740 statera
1031 701 1039 747 ς

335 783 511 844 saeculares
525 782 630 846 clerici
643 785 719 846 sunt
730 783 860 863 quidem
873 782 1031 846 chimaera
1043 806 1051 860 3

335 887 380 949 sic
392 887 543 966 rependet
555 889 671 968 hospiti
685 907 826 952 suemus
840 889 873 952 iu
884 906 970 968 pera.

334 1025 437 1087 Crevit
447 1024 530 1087 inter
541 1023 670 1086 ordines
682 1026 827 1086 Fratrum
840 1021 977 1099 zizania,

334 1148 397 1210 qua
409 1131 525 1194 Rachel
538 1129 688 1210 inlicitur,
704 1129 856 1208 Fatigetur
867 1133 930 1210 hya
942 1153 951 1208 ς

333 1239 461 1315 propter
473 1235 558 1315 ipsos
571 1237 723 1299 deserunt
735 1251 845 1298 omnes
858 1234 928 1296 loca
939 1232 991 1312 pia
1006 1280 1013 1312 ‚

335 1343 367 1401 et
380 1340 542 1403 dimittunt
559 1358 712 1421 pauperes
722 1341 849 1420 jejunos
863 1337 896 1400 in
908 1337 970 1400 via.

334 1476 473 1552 Cumque
485 1472 696 1552 poenitentias
709 1469 862 1536 confessis
875 1469 1067 1550 injungunt⁷

334 1595 414 1657 quos
426 1578 601 1654 debeneprt
613 1594 755 1658 pungere
769 1577 936 1638 adulantes
950 1579 1092 1654 ungunt3

334 1699 414 1760 quos
427 1682 577 1745 deberent
590 1699 710 1762 ungere
724 1682 923 1761 increpantes
937 1683 1083 1760 pungunt
1094 1729 1105 1756 q

335 1791 384 1869 et,
399 1807 472 1851 cum
485 1792 635 1869 possunt,
651 1786 768 1869 aliquid
781 1787 878 1850 abeis
892 1789 1078 1866 emungunt.

335 1930 396 1993 Sed
409 1929 435 1992 si
448 1929 642 2009 poenitentia
656 1929 697 1993 sit
711 1930 826 2011 cuique
842 1929 917 1992 data

335 2053 354 2096 a
367 2052 426 2097 suo
437 2037 638 2118 presbytem,
654 2035 741 2114 quod
754 2034 868 2098 reddat
879 2036 1002 2113 ablata,

335 2145 458 2204 Fratres
468 2141 694 2220 poeniteutiam
704 2141 815 2203 laxant
827 2145 859 2203 et
872 2144 1020 2221 peccata,

337 2246 508 2311 dummodo
521 2246 655 2325 pecunia
666 2246 708 2310 sit
721 2244 766 2308 eis
778 2246 895 2309 ohlata.

336 2391 413 2449 Nam
427 2387 472 2450 sic
486 2388 609 2450 restitui
623 2390 656 2464 (l.
669 2387 847 2464 restituere)
862 2385 983 2450 iaciunt
996 2403 1113 2448 usuras.

337 2496 369 2555 et
379 2490 412 2554 id
423 2493 510 2572 quod
522 2494 696 2574 acquiritur
710 2512 766 2574 per
780 2497 875 2562 falsam
888 2510 1075 2570 mensuras,

337 2599 411 2660 inde
424 2598 520 2662 libros
533 2598 654 2662 iaciunt
667 2604 699 2662 et
712 2618 846 2680 magnas
858 2603 1033 2662 structuras
1046 2645 1054 2676 ‚

337 2705 394 2768 sed
404 2708 532 2786 propter
545 2707 606 2769 hoc
620 2705 744 2768 animae
754 2723 821 2769 nen
832 2707 947 2769 sanant
959 2703 1123 2765 scissuras.

337 2848 410 2906 llrat
423 2845 540 2908 nostris
552 2845 693 2925 partihus
706 2847 754 2910 vir
768 2864 921 2910 exercens
935 2846 1047 2908 foenus
1060 2869 1069 2923 3

336 2951 384 3014 vir
393 2970 545 3032 nequam,
561 2953 609 3017 vir
619 2953 734 3033 Belial,
749 2952 796 3017 vir
810 2951 903 3016 nimis
916 2953 1111 3027 obscoenus,

336 3060 497 3119 monetam
511 3057 681 3120 falsificans
695 3057 809 3120 summi
825 3057 908 3137 regis
920 3104 929 3137 ,
944 3058 1057 3136 plenus

337 3163 422 3226 omni
435 3166 521 3243 labe,
536 3179 687 3242 respuens
702 3161 889 3225 lemininum
904 3177 1014 3241 genus.

337 3303 392 3366 llic
403 3320 526 3381 semper
540 3301 713 3365 discordias
726 3301 808 3362 iuter
821 3304 944 3363 Fratres
955 3299 1035 3362 sevit
1047 3326 1055 3379 3

336 3409 389 3471 Dei
401 3413 435 3470 et
447 3407 604 3471 Ecclesiae
618 3409 707 3487 jussa
719 3423 842 3488 semper
855 3403 1034 3486 [e]sprevit3

336 3517 443 3599 iurtis,
458 3514 635 3579 homicidiis
647 3517 679 3576 et
692 3513 811 3594 rapinis
825 3512 927 3577 haesit
939 3515 973 3589 (l.
986 3513 1085 3578 crevit
1095 3515 1118 3588 l)
1129 3560 1141 3590 ‚.

336 3625 368 3684 et
381 3621 511 3684 domum
524 3619 632 3684 illicito
647 3621 799 3682 thesauro
814 3618 956 3698 replevit.

336 3764 391 3827 llic
403 3763 548 3826 mittebat
560 3762 736 3842 Fratribus,
756 3763 834 3824 hora
849 3759 1022 3838 matutina,

335 3890 414 3952 ova,
430 3870 547 3951 pisces,
561 3885 689 3948 caseos,
704 3867 836 3930 meliora
847 3866 939 3946 vina⁷

335 3977 492 4057 pastillos,
508 3975 563 4052 [et]
579 3978 738 4038 artocreas
751 3991 791 4034 ex
805 3975 873 4053 ejus
884 3969 993 4052 rapina
1006 3997 1014 4049 3

334 4085 402 4143 erat
415 4086 558 4144 Fratrum
570 4080 680 4143 fertilis
695 4081 877 4157 Frequenter
893 4074 1041 4155 coquina.
