2902 4940
553 479 715 533 —219—

314 605 347 663 ut
359 604 419 664 hoc
432 602 540 664 vinum
554 601 641 681 quod
654 599 769 662 binalis

392 707 756 790 possitvosstrangnlia.

315 856 361 918 Ad
371 857 433 918 hoc
445 855 577 916 verbum
591 852 678 916 Prior
692 867 823 928 cursus,

313 961 478 1022 furabatur
491 958 573 1020 sicut
585 973 697 1036 ursus,

312 1084 410 1130 unam
423 1065 525 1128 vicem
540 1068 637 1144 atquc
650 1079 761 1124 rursus

392 1167 603 1231 momordavit
619 1166 712 1228 labia.

313 1316 452 1378 Tandem
466 1315 546 1377 dixit
557 1316 597 1377 ad
614 1363 621 1375 .
638 1362 645 1376 .
660 1361 667 1374 .
682 1362 689 1375 .
704 1361 711 1374 .
726 1362 732 1374 .
754 1333 761 1364 τ

317 1465 410 1481 .....
427 1419 511 1499 vilis,
528 1419 696 1498 garciam,

313 1524 474 1604 qnondam
487 1523 592 1586 discus
606 1523 645 1586 dc
656 1525 805 1603 pulmone

395 1630 455 1692 fuit
468 1629 523 1691 tibi
539 1629 665 1708 gandia.
722 1622 726 1630 ’

316 1789 404 1845 Nunc
417 1787 453 1845 tu
465 1800 500 1844 cs
514 1781 738 1860 canonizatus,

316 1892 349 1951 et
360 1889 399 1950 dc
410 1887 488 1950 nihil
502 1889 662 1965 elevatus,

317 1993 399 2056 sicut
411 2011 519 2073 regem
534 1991 581 2054 vis
593 1994 759 2071 pascatus,

275 2125 279 2134 ·
397 2101 429 2159 et
442 2097 475 2159 in
488 2099 593 2177 major
606 2095 707 2175 copia.

318 2239 418 2300 llahes
428 2239 551 2316 justum
564 2239 597 2298 ct
610 2234 766 2298 micheam
779 2283 786 2311 ,

318 2347 349 2405 et
362 2342 522 2405 servisiam
536 2343 766 2419 frumenteam‚

319 2449 404 2511 unde
417 2448 501 2526 regis
513 2451 620 2526 posset
632 2463 703 2508 eam

398 2549 477 2613 bibit
494 2567 567 2612 cnm
581 2547 710 2612 laetitia.

305 2685 444 2746 ··Nullum
458 2700 570 2746 cannes
583 2683 807 2762 commanens,

320 2804 423 2866 neque
436 2786 537 2866 pisces
549 2785 737 2863 perfruatis,

321 2886 434 2954 lactem
447 2907 575 2970 quoque
587 2889 767 2969 (lemgum,

402 2993 447 3056 sic
460 2997 492 3056 te
504 2993 580 3057 lacit
591 2993 705 3056 sobria.

324 3129 449 3192 Nullum
463 3129 518 3192 tibi
535 3129 577 3192 sil
589 3129 758 3209 tabellum

322 3251 425 3314 neque
437 3233 493 3296 tibi
507 3233 549 3296 sil
561 3235 752 3313 scabellum,

321 3353 432 3400 mensa
446 3336 501 3398 tibi
516 3336 557 3398 sil
569 3337 722 3418 patenum

402 3459 466 3504 non
479 3443 599 3504 habeus
612 3442 643 3520 (l.
660 3442 792 3518 habens)
804 3438 970 3520 mappalia.

324 3582 552 3658 superterram
565 3577 612 3640 sic
624 3577 764 3656 sedebis,

325 3700 385 3745 nec
398 3681 512 3744 abinde
525 3680 701 3744 removebis
712 3707 720 3761 3

323 3786 411 3866 velis,
427 3785 520 3865 nolis,
536 3783 582 3847 sic
596 3784 754 3866 manebis,

402 3890 436 3952 in
450 3890 530 3951 haec
543 3887 719 3951 refectoria.

311 4022 488 4085 ‘posthaec
502 4017 569 4080 dies
581 4018 738 4082 accedatis

328 4127 368 4188 ad
381 4125 495 4189 Primis
507 4128 539 4187 et
550 4123 676 4186 Abbatis
