2892 4940
729 509 890 567 -142-

529 639 581 720 qui
599 640 727 702 inerunt
739 635 900 716 quondam
915 634 1007 710 boni,

532 741 580 804 Sic
594 737 745 819 pervertit
758 753 812 800 eos
825 735 918 797 dolus

533 843 620 924 quod
633 843 686 906 vix
696 843 803 922 iustus
815 856 899 902 unus
913 838 1009 900 solus.

567 953 645 1012 ltem
658 946 770 1011 mundi
788 947 998 1023 mercatoreS‚

527 1053 604 1134 quid
619 1055 693 1120 sunt
706 1049 788 1114 heu!
804 1066 900 1129 quam
915 1046 1117 1110 truffatores?

530 1154 600 1218 Sive
613 1155 741 1230 emunt,
756 1150 822 1214 sive
835 1148 995 1228 vendunt,

528 1279 651 1342 semper
664 1262 772 1324 saliere
784 1257 1013 1338 praetendunt,

531 1372 629 1430 Deum
642 1368 833 1444 sanctosque
846 1365 1024 1444 perjurant,

530 1473 561 1531 et
574 1467 702 1530 mentiri
715 1485 828 1546 pamm
841 1468 965 1528 curant.

529 1570 662 1647 Quando
675 1569 751 1632 boni
763 1567 883 1632 nummi
899 1567 1035 1646 vadunt,

529 1674 638 1738 statim
652 1691 707 1738 eos
719 1673 785 1753 igni
800 1672 949 1751 tradunt3

530 1783 642 1863 sicque
655 1785 762 1845 manet
774 1783 1017 1862 pagamentum‚

531 1886 633 1951 scoria
646 1890 679 1948 et
692 1904 758 1949 non
772 1887 942 1964 argentum
955 1911 962 1944 ε

530 1989 580 2053 Sic
594 1988 796 2051 confundunt
809 1986 964 2048 mundum
979 1986 1080 2046 totum
1093 2008 1101 2059 3

531 2093 616 2155 istud
630 2091 772 2170 undique
785 2095 834 2152 est
847 2093 969 2152 notum.

531 2194 673 2274 PonduS‚
687 2210 857 2273 numerus,
872 2209 1039 2270 mensura,

530 2298 623 2360 simul
637 2296 739 2359 omnis
750 2299 947 2378 mercatum,

531 2402 580 2467 Sic
591 2419 647 2482 per
661 2401 745 2483 ipdos
759 2403 834 2462 sunt
847 2400 1002 2480 iniectae,

531 2507 617 2587 quod
630 2505 684 2568 vix
696 2523 781 2568 unus
795 2504 862 2585 agit
874 2507 970 2566 recte.

530 2609 593 2674 Nisi
606 2616 687 2673 Deus
698 2626 791 2690 opem
800 2612 940 2689 praestat

529 2713 678 2793 deperire
688 2712 843 2776 mundum
857 2715 975 2790 restat3

535 2821 593 2880 Tot
606 2819 638 2880 et
650 2817 746 2879 tantis
760 2821 808 2879 est
819 2819 927 2878 reatus

532 2927 565 2986 et
578 2926 643 2986 tam
654 2939 770 3001 pravus
783 2938 870 2983 nunc
884 2922 933 2982 «εἰ
944 2918 1063 2982 status!

570 3031 667 3089 Natus
680 3030 754 3088 ante
768 3042 870 3087 annos
883 3023 984 3102 mille,

535 3143 608 3190 vere
622 3125 697 3189 felix
711 3124 771 3186 fuit
782 3125 842 3186 ille.

533 3228 602 3290 Oh!
618 3245 714 3306 quam
726 3243 885 3288 venenosa
900 3223 1014 3303 pestis!

535 3333 743 3408 Foenerator‚
759 3332 856 3391 salsus
867 3327 973 3408 testis,

534 3440 607 3515 Fur,
622 3435 783 3513 perjurus,
797 3433 897 3512 latro,
912 3447 1057 3508 moedus,

535 3537 709 3618 homicida,
724 3539 849 3599 tantum
863 3536 960 3598 decus

532 3644 654 3706 Habent
666 3645 817 3723 tanquam
830 3638 919 3719 probi
931 3637 1000 3701 viri.

532 3747 689 3827 Quidquid
700 3749 804 3826 potest
817 3762 903 3807 nunc
917 3742 1036 3822 acquiri
1047 3789 1055 3818 7

534 3855 603 3920 Sive
616 3854 716 3932 bone,
731 3852 796 3916 sive
809 3852 908 3931 male,

533 3962 583 4021 est
596 3956 776 4020 hominibus
790 3956 930 4037 aequale.

534 4064 643 4124 Nullus
657 4061 813 4125 devitatur
824 4062 991 4140 quaestus,

533 4168 813 4243 quantumcunque
826 4161 1021 4223 inhonestus.
