2926 4952
312 619 350 630 --
364 584 533 646 clarissima
547 583 770 646 miraculorum
783 584 975 663 coruscatio,
999 618 1038 628 —
1062 599 1127 644 non
1147 581 1249 642 solum
1270 580 1371 644 vicina

313 708 455 771 quaeque
477 692 565 769 loca,
589 725 629 738 -
653 691 875 754 verumetiam
896 691 994 753 totius
1016 693 1157 769 Europae
1171 688 1322 751 terminos
1335 724 1374 734 -

313 798 454 876 adusque
467 795 581 858 Oceani
595 796 707 859 limbos
719 833 759 842 --
772 797 958 860 illustrabat.

274 903 373 979 Hujus
386 898 482 978 igitur
496 897 709 978 gloriosissimi
720 900 817 979 patris
828 899 979 979 exemplis
993 902 1121 962 sanctus
1134 899 1325 961 leudericus
1338 933 1376 944 —

310 1003 430 1084 jugiter
442 1003 624 1084 irradiatus,
639 1039 678 1050 -
691 1004 805 1066 ardens
817 1004 971 1074 desiderio
983 1003 1150 1083 virtutum,
1164 1005 1377 1065 —crescebat

313 1110 346 1172 in
359 1109 461 1174 virum
474 1110 658 1188 perlectum.
1249 1111 1253 1116 ’

275 1212 386 1276 Omnia
400 1230 481 1292 qnae
494 1211 641 1276 videntur
654 1211 823 1292 vilescunt,
837 1247 876 1256 -
895 1228 976 1291 quae
989 1229 1053 1274 non
1067 1211 1213 1273 videntur
1235 1211 1268 1272 in
1291 1210 1378 1272 desi-

315 1313 402 1376 derio
414 1315 498 1374 sunt.

275 1421 409 1499 Copulae
423 1416 570 1498 nuptialis
582 1433 671 1478 amor
682 1415 1104 1495 amarescit3-indulcescit
1112 1433 1200 1478 amor
1212 1415 1376 1477 castitatis.

275 1522 343 1584 Otia
358 1521 514 1583 solitariae
528 1519 610 1584 vitae
624 1521 765 1600 placent,
780 1555 820 1564 —-
831 1519 935 1582 carnis
948 1519 1075 1598 negotia
1089 1519 1263 1599 displicent.

276 1629 372 1687 Amor
384 1641 490 1686 amore
502 1621 698 1702 extinguitur
708 1648 771 1702 ,-
783 1623 861 1685 nibil
876 1623 975 1684 amori
988 1623 1099 1685 Christi
1114 1626 1250 1702 praefert
1292 1672 1300 1684 .

278 1727 491 1790 Renuntiatur
504 1727 639 1806 mundo,
655 1761 695 1771 -
708 1726 819 1788 foedus
832 1727 929 1788 initur
943 1744 1015 1788 cum
1028 1731 1102 1790 Deo.

277 1833 398 1894 Bellum
410 1831 559 1894 indicitur
573 1829 672 1911 hosti,
684 1864 724 1876 -
737 1830 886 1910 singulari
900 1832 989 1893 locus
1001 1829 1162 1910 quaeritur
1174 1831 1352 1893 certamini.

280 1939 417 2015 Sponsus
440 1932 609 2012 alloquitur
639 1950 802 2013 sponsam,
826 1970 864 1979 -
893 1935 998 2012 sponsi
1022 1933 1188 2008 coelestis)
1213 1935 1382 2011 (blortatnr

321 2057 477 2118 amorem,
490 2040 725 2117 -perpetuam
738 2054 795 2115 pro
808 2037 987 2115 virginitate
1004 2039 1167 2117 pollicetur
1178 2055 1343 2101 coronam.

281 2151 316 2207 ln
330 2143 463 2207 caelebis
476 2145 519 2216 (t)
534 2139 708 2220 praemium
721 2177 760 2185 -
774 2141 862 2220 sequi
876 2141 1068 2219 promittitur
1081 2159 1209 2219 agnum.

282 2249 342 2312 Sed
356 2263 469 2328 sponsa
483 2234 588 2306 adbuc
601 2245 765 2306 tabescens
778 2261 885 2306 amore
896 2245 1031 2325 carnali,
1053 2281 1094 2292 —
1107 2245 1254 2308 deridens
1266 2247 1383 2325 spernit

321 2350 369 2412 sui
384 2347 531 2411 salutaria
544 2347 663 2410 monita
675 2346 791 2426 sponsi.

283 2454 452 2518 Mirabatur
476 2451 560 2513 enim
586 2469 619 2512 se
643 2450 748 2514 subito
770 2451 945 2533 repudiari,
960 2470 1086 2515 -cum
1112 2454 1221 2516 debuit
1245 2459 1384 2536 conjunx

322 2555 400 2618 fieri.

283 2665 384 2739 Aegre
396 2660 500 2720 serens
513 2657 636 2720 fastidia
650 2659 714 2737 pati
727 2693 768 2703 -
781 2662 948 2738 antequam
962 2665 1067 2740 posset
1081 2678 1162 2723 uxor
1175 2661 1292 2724 vocari.
1382 2641 1386 2648 ⁵

284 2770 398 2826 amaro
412 2762 516 2825 animo
530 2763 717 2844 respondet,
731 2799 771 2808 -
786 2783 859 2826 curn
872 2782 907 2826 se
918 2766 1097 2845 despectam
1111 2765 1206 2828 videt.

283 2873 361 2934 Cum
375 2868 471 2948 igitur
484 2871 611 2930 sanctus
623 2868 813 2931 Tendericus
826 2874 970 2932 cerneret
981 2879 1024 2916 '—
1037 2872 1124 2952 quod
1146 2888 1203 2933 sua
1223 2871 1384 2950 persuasio

323 2974 357 3036 in
370 2973 475 3035 anirno
488 2989 622 3050 sponsae
634 2972 739 3035 locum
753 2991 818 3035 non
831 2974 979 3055 baberet,
1002 3011 1042 3020 -
1060 2994 1125 3037 non
1139 2975 1386 3039 consentientem

324 3076 382 3139 sibi
397 3075 512 3138 deserit
522 3109 562 3120 --
574 3077 668 3154 atque
681 3076 818 3154 pacificis
830 3077 858 3138 ei
871 3078 973 3141 verbis
988 3078 1141 3141 valedicit.

285 3187 372 3243 Tunc
385 3185 453 3243 erat
466 3182 543 3242 urbe
555 3184 707 3241 Remense
720 3180 875 3258 quaedam
894 3181 1027 3242 caelebis
1045 3181 1218 3262 abbatissa,
1232 3217 1273 3227 —-
1286 3183 1388 3246 sacri—

325 3283 444 3347 tissima
457 3286 488 3361 (l.
501 3283 720 3357 sacratissima)
734 3283 839 3362 virgo,
854 3283 981 3344 nominc
995 3287 1146 3346 Susanna.

286 3397 372 3466 Quae
384 3390 441 3452 sub
455 3385 649 3466 providentia
661 3387 773 3449 summi
787 3387 958 3469 pontificia,
977 3389 1060 3452 beati
1081 3391 1224 3473 Remigii,
1239 3430 1280 3439 —
1293 3397 1388 3475 puel-

326 3495 383 3558 lari
397 3492 531 3574 praefuit
543 3491 788 3571 congregationi.

284 3602 413 3666 Femina
424 3598 520 3665 virilis
532 3597 628 3660 animi
641 3644 648 3677 ,
663 3633 702 3644 -
713 3597 821 3678 virago
833 3599 980 3678 profundi
991 3603 1127 3683 consilii,
1141 3639 1181 3648 -
1192 3607 1389 3670 consiliatrix

327 3704 445 3766 altioris
457 3698 585 3780 ingenii.

288 3808 335 3871 nd
348 3808 439 3887 cujus
448 3802 596 3885 ,-qnasi
611 3804 651 3863 ad
664 3803 818 3882 piissimae
832 3805 940 3868 matris
952 3806 1130 3870 mitissimos
1145 3809 1247 3891 sinus,
1262 3848 1305 3860 —·
1319 3832 1391 3877 con·
1443 3875 1444 3900 ,

328 3911 399 3974 tulit
412 3929 445 3972 se
459 3912 587 3973 sanctus
600 3907 796 3970 leudericus.

314 4081 342 4136 (l)
357 4078 418 4124 (lette
436 4078 517 4130 forme,
535 4078 573 4134 qni
591 4077 647 4122 n'est
664 4087 704 4133 pas
717 4077 817 4134 indiquec
853 4078 920 4130 laute,
936 4079 1028 4134 puisquc
1044 4089 1099 4124 nous
1119 4080 1139 4124 ln
1152 4087 1281 4127 trouvcrons
1301 4095 1333 4128 au
1353 4097 1390 4128 no-

286 4142 343 4186 dnns
358 4141 387 4184 du
402 4140 487 4195 Gange,
503 4139 558 4184 n'est
576 4150 627 4183 sans
641 4139 706 4182 doute
720 4151 759 4194 pas
775 4153 817 4184 urie
854 4141 941 4186 minatll
952 4141 986 4186 slx
999 4141 1097 4195 strophas
1111 4143 1157 4197 plus
1170 4141 1216 4184 bas.
