2926 4952
538 447 680 504 ..13-

210 574 307 650 Supra
321 570 486 632 ecclesiam
499 571 622 651 positus
635 574 736 650 gallus
750 575 860 634 contra
872 577 1002 638 ventum

170 677 266 755 eaput
276 674 459 754 diligentius
471 675 564 755 erigit
577 680 742 739 extentum
754 701 762 758 3

168 778 219 843 Sic
233 779 395 860 sacerdos,
409 778 462 840 nbi
474 779 534 842 scit
547 780 710 843 daemonis
721 782 912 864 adventum,

169 881 244 945 illue
258 900 291 944 se
306 882 476 958 obiciat(1)
489 900 546 962 pro
561 899 658 963 grege
669 883 845 950 bidentum.

207 996 330 1074 Gallus,
343 996 426 1059 inter
436 1000 561 1059 caetera
575 997 673 1060 altilia
686 1002 730 1075 (a)
744 1000 924 1082 coelorum,

167 1098 259 1161 audit
274 1117 370 1179 snper
384 1101 512 1162 aethera
525 1103 717 1163 concentum
730 1101 932 1181 angelorum3

166 1207 253 1266 lune
265 1206 375 1266 monet
388 1221 447 1267 nos
458 1206 609 1268 excutere
621 1205 717 1267 verba
729 1205 905 1283 malorum,
941 1267 944 1276 ,

167 1311 297 1386 gustare
311 1311 345 1370 et
354 1309 514 1389 percipere
527 1325 643 1374 arcana
656 1325 878 1389 supernorum.

205 1422 301 1497 Quasi
316 1441 371 1485 rex
383 1423 415 1485 in
428 1422 529 1502 capite
542 1423 643 1502 gallus
657 1426 845 1505 coronatum

68 1553 70 1561 >
166 1527 198 1590 in
211 1527 500 1608 pelendonibus,
516 1529 553 1589 ut
565 1527 670 1607 mile8‚
686 1530 857 1608 armature

162 1637 290 1708 Quanto
302 1636 373 1714 plns
384 1635 421 1698 sit
434 1632 539 1696 senior
549 1630 662 1713 pennis
675 1631 865 1713 deauratnr3

164 1736 196 1800 ln
210 1741 306 1800 nocte
320 1738 396 1800 dum
409 1735 557 1800 concinat
568 1739 628 1813 [nt]
642 1737 693 1798 leo
707 1739 914 1801 conturbatur
929 1765 938 1800 ε

202 1850 253 1914 Sic
263 1853 348 1913 Deus
360 1867 418 1930 per
430 1848 537 1912 omnia
550 1848 687 1912 mundos
700 1852 732 1911 et
745 1853 875 1912 ornatos
941 1885 944 1894 ν

166 1952 238 2016 lecit
252 1969 331 2015 suos
345 1951 475 2015 elericos
489 1969 558 2014 esse
572 1954 751 2016 coronatos.

101 2143 102 2146 Ἴ
164 2059 238 2121 Galli
253 2062 332 2122 sunt
344 2058 478 2122 calcaria
491 2061 524 2134 (l.
538 2058 716 2134 calcaratil)
729 2075 819 2121 more
832 2059 977 2141 militari,

164 2162 341 2243 castigandi
356 2153 489 2226 feminas
504 2164 585 2224 nutu
598 2161 750 2241 singulari
765 2189 773 2223 ι

164 2275 210 2339 Sic
221 2277 373 2340 sacerdos
386 2273 526 2360 corrigat
539 2273 618 2354 legis
631 2271 899 2352 transgressiones
997 2331 999 2338 a

163 2380 265 2443 verbis
284 2383 316 2442 et
329 2379 473 2460 flagitiis,
485 2381 523 2440 ut
535 2377 614 2441 fiant
627 2377 782 2440 meliores.

201 2485 310 2547 Gallus
320 2482 403 2563 regit
415 2482 582 2563 plurimam
594 2481 719 2544 turbam
734 2480 922 2561 gallinarum

162 2591 193 2649 et
208 2588 441 2652 sollicitudines
449 2605 583 2668 magnas
597 2587 693 2650 babet
705 2587 820 2650 barum
836 2614 843 2648 ι

161 2702 207 2766 Sic
219 2702 388 2783 sacerdos,
403 2701 585 2781 concipiens
595 2718 706 2764 curam
719 2699 915 2780 animarum,

164 2805 323 2869 decentet
336 2805 432 2867 faciat
445 2804 532 2884 quod
544 2809 609 2866 Deo
623 2803 665 2865 sit
677 2821 797 2866 carum.

199 2910 311 2972 Gallus
326 2924 460 2987 granum
473 2906 606 2987 reperit,
622 2908 778 2970 convocat
791 2921 925 2984 uxores,

162 3010 192 3068 et
207 3006 291 3072 illud
304 3005 465 3086 distribuit
478 3006 561 3070 inter
571 3005 709 3070 cariores
725 3035 733 3068 a

163 3127 247 3190 Tales
264 3125 390 3190 discant
401 3125 505 3190 cleriei
517 3125 644 3206 pietatis
654 3141 779 3205 morea,

164 3231 270 3296 dando
286 3232 352 3294 suis
366 3231 501 3296 subditis
515 3230 742 3310 seripturarum
756 3230 869 3310 flores,

161 3333 207 3398 Sic
221 3353 281 3399 sua
295 3333 485 3398 distribuere
498 3331 622 3394 eunctis
637 3327 793 3398 derelictis

162 3445 192 3502 et
201 3460 312 3506 curam
327 3459 436 3521 gerere
448 3439 543 3502 nudis
557 3441 589 3502 et
600 3437 734 3500 alilictis.

200 3555 249 3620 Sic
263 3557 296 3618 et
308 3555 412 3618 bonus
423 3553 588 3634 presbyter
598 3549 653 3630 qui
666 3547 749 3630 plebi
763 3547 824 3611 soit
837 3566 1000 3632 praeesse,

162 3657 266 3738 pigros
280 3673 354 3721 cum
368 3655 544 3719 calcaribus
557 3669 692 3716 monens
706 3650 881 3731 indelessa,

99 3876 121 3931 lll
137 3880 167 3926 011
180 3886 317 3942 tronvadul
334 3883 410 3930 obicio
423 3895 479 3941 pour
499 3882 583 3939 objicio
618 3881 803 3938 assumptor
821 3892 935 3939 mongon
961 3885 1078 3939 peut-etro
1102 3883 1159 3928 alnsi

70 3931 204 3997 dansbncain,
215 3947 229 3991 l.
238 3958 292 4002 aru,
301 3951 385 3994 ureb:
619 3943 697 3988 lant-ll
711 3943 752 3988 llra
766 3944 868 3988 caeteros
883 3943 967 3996 alites,
987 3955 1013 3989 ea
1032 3945 1071 4000 qui
1086 3945 1159 3990 aurait

619 4003 729 4050 d'ailleurs
745 4004 870 4060 l'avantage
885 4006 913 4050 de
924 4017 1025 4050 ramenar
1041 4006 1061 4050 le
1078 4005 1158 4050 second

620 4066 749 4112 hemisticbe
761 4078 789 4110 au
801 4065 892 4110 nombre
908 4066 1006 4112 babltnal
1021 4067 1048 4110 de
1062 4067 1096 4110 six
1110 4066 1159 4122 syl-

105 4118 126 4174 8)
142 4123 218 4175 Altllio
236 4128 337 4184 signillait
358 4129 397 4174 des
417 4129 520 4173 oimcaoe
538 4139 582 4172 en·
619 4128 687 4173 labes.

96 4023 125 4059 Cur
132 4039 183 4066 muns
191 4035 261 4069 oblata?
269 4045 339 4079 pugnae
349 4045 381 4070 eur
390 4043 457 4078 arguor
467 4033 540 4074 impar?
