2892 4940
552 435 715 489 —105-
785 483 789 488 .

158 556 190 613 et
203 555 371 632 promissas
386 556 477 620 nobis
490 575 608 636 poenes
622 559 654 620 in
668 558 824 638 praesenti
840 558 957 638 sugite,

157 656 190 718 in
205 659 311 721 tuturo
325 659 351 720 si
365 661 467 724 velitis
481 680 521 724 ne
535 663 576 724 sit
590 661 789 742 impossibile.

157 788 240 851 Nulli
251 793 391 854 vestrum
405 793 586 868 [li]onerose
600 791 641 854 sit
655 793 734 855 haec
747 789 948 872 exhortatio,

157 898 255 956 Deum
270 897 380 977 testor,
393 914 487 976 quem
501 915 566 959 non
579 899 657 960 latet
670 896 774 960 omnis
787 897 968 974 meditatie,

159 999 232 1078 quia
245 999 322 1062 milri
336 1002 424 1080 quod
437 1005 469 1063 et
482 1002 570 1065 vobis
584 1001 662 1065 illud
676 1001 759 1064 idem
774 1001 881 1065 timeo.

158 1129 248 1196 Scitis
263 1109 365 1212 enim,
381 1131 413 1194 in
428 1132 584 1194 internum
600 1150 664 1194 non
676 1135 725 1194 'est
737 1130 931 1210 consolatio,

159 1238 256 1299 irater
272 1236 360 1298 fratri
374 1255 438 1298 non
452 1240 632 1318 succurret,
647 1255 751 1316 neque
766 1239 856 1316 pater
869 1235 954 1305 sdio;

159 1358 235 1401 nam
248 1339 300 1402 lric
314 1358 414 1419 aeque
427 1341 609 1422 punientur,
625 1345 657 1404 et
670 1342 789 1420 absque
804 1339 955 1402 remedio.

158 1472 302 1544 Quantus
318 1472 452 1548 plangor
464 1469 528 1532 illic
541 1469 641 1532 inest!
657 1471 801 1545 Quantus
812 1467 929 1532 stridor
943 1464 1106 1528 dentium!

159 1573 190 1634 in
202 1591 268 1653 quo
280 1573 342 1634 loci
356 1573 480 1654 pietatis
494 1575 616 1635 nullum
629 1577 677 1635 est
691 1572 850 1651 retugium

158 1694 219 1739 nec
231 1677 271 1740 ad
285 1681 424 1758 tempus,
439 1697 512 1741 cum
526 1695 611 1740 mors
622 1682 728 1741 manet
742 1677 806 1741 illic
820 1676 852 1738 in
866 1677 1065 1756 perpetuum.

159 1804 257 1884 lgitur
271 1805 312 1866 sit
325 1805 414 1869 vobis
428 1805 516 1868 cordi
531 1808 659 1866 aeterna
674 1805 826 1878 felicitas,

158 1907 192 1969 in
205 1926 269 1988 qua
284 1910 369 1970 nulla
383 1908 592 1987 superborum
605 1908 740 1970 sentitur
754 1907 914 1969 temeritas
926 1932 935 1985 3
1028 1923 1030 1928 ·

158 2012 199 2072 ab
213 2013 273 2074 hac
286 2012 397 2089 procul
411 2011 498 2072 fraus
511 2014 543 2072 et
555 2012 618 2093 ira,
633 2013 743 2104 procul
755 2013 788 2073 et
801 2010 973 2073 calamitas.

159 2140 205 2201 lbi
219 2143 305 2202 sures
319 2157 384 2202 non
399 2143 555 2220 furantur,
571 2158 631 2203 nec
641 2146 784 2220 raptores
797 2140 943 2221 rapiunt,

160 2245 354 2307 fraudulenti
367 2249 607 2325 sequestrantur
620 2245 717 2325 etqui
731 2247 813 2307 mala
829 2245 980 2326 cupiunt,

159 2348 195 2412 hi
208 2349 262 2429 qui
275 2351 359 2412 hona
373 2353 556 2431 operantur,
570 2350 709 2430 praemia
723 2349 889 2430 recipiunt.

161 2482 196 2540 ln
211 2479 271 2540 hac
281 2475 375 2556 justis
386 2481 435 2538 est
448 2495 520 2539 cum
534 2480 598 2540 Deo
612 2476 789 2539 communis
801 2475 937 2554 laetitia,

158 2600 226 2662 pax
239 2584 270 2642 et
283 2581 384 2662 salus,
397 2581 461 2643 vita
476 2599 588 2660 perpes
601 2583 634 2642 et
646 2579 793 2660 perennis
807 2578 927 2659 gloria,

161 2701 258 2747 nemo
271 2701 389 2763 pauper
402 2684 454 2746 hic
468 2683 604 2744 habetur
619 2701 678 2745 nec
690 2701 787 2762 egens
800 2679 946 2762 pecunia.

157 2811 320 2890 Adrano,
336 2813 475 2890 Fratres,
490 2826 695 2889 properemus
709 2798 767 2870 sed
778 2808 932 2872 virtutum
948 2807 1118 2888 gradihus,

157 2917 270 2995 culpas
284 2918 410 2976 nostras
424 2915 585 2976 deleamus
597 2911 744 2994 lacrymis
757 2915 790 2973 et
805 2910 967 2992 precibus,

158 3022 245 3082 bona
259 3023 368 3082 nostre
380 3018 583 3080 recondendo
597 3034 772 3097 pauperum
786 3015 818 3079 in
833 3013 964 3078 sinibus.

159 3148 200 3212 lli
211 3153 287 3211 sunt
298 3149 416 3228 gradus
429 3166 485 3228 per
498 3166 579 3228 quos
593 3148 679 3210 illam
688 3149 830 3210 valemus
842 3145 1028 3225 ascendere,

159 3251 188 3314 si
204 3252 337 3314 velimus
350 3251 454 3316 carnis
467 3254 594 3315 nostrae
608 3250 682 3314 vitia
697 3245 882 3330 conterere,

160 3357 198 3418 et
211 3373 267 3434 pro
279 3359 342 3418 Deo
357 3356 490 3419 debitori
506 3356 611 3418 debita
627 3355 794 3418 dimittere.

161 3489 248 3564 Ergo
262 3488 384 3565 patrem
398 3487 603 3565 deprecemur
615 3490 713 3548 Deum
728 3485 903 3548 unianimes
914 3487 973 3565 (l),

161 3591 315 3672 quatinus
330 3607 390 3651 nos
400 3607 509 3652 secum
522 3591 619 3652 ducet
632 3607 727 3668 supra
739 3589 819 3651 coeli
833 3587 994 3665 cardines,

162 3697 198 3757 et
212 3711 231 3754 a
245 3692 343 3774 culpis
358 3691 500 3771 expiatos
515 3692 610 3755 faciat
623 3709 682 3754 nos
697 3690 841 3752 caelibes.
987 3699 990 3705 ·

162 3825 220 3890 Eia
233 3823 240 3885 ἔ
256 3825 346 3888 Trine
360 3823 393 3886 in
405 3823 564 3904 personis,
579 3823 712 3904 simplex
727 3821 758 3884 in
773 3818 948 3884 substantie

88 4029 141 4130 n[ll
158 4024 301 4074 Ueientum&
320 4031 376 4069 cello
394 4025 463 4070 lorme
480 4027 510 4066 est
532 4021 633 4076 indiquoo
648 4021 702 4065 dane
722 4023 750 4065 du
771 4019 858 4074 tlengr,
882 4024 897 4061 t.
912 4017 958 4070 l'l,
972 4017 1013 4062 col.
1031 4019 1096 4066 1679,
1113 4011 1146 4056 ed.
1162 4009 1202 4053 des

106 4087 239 4131 tnddlcllns.
