2892 4940
724 503 885 556 —lta—

524 623 582 685 nisi
597 623 691 685 cedas
705 641 916 702 cumamore,
1009 687 1011 690 .

525 731 556 789 te
569 728 723 807 depellam
737 745 810 790 cum
825 728 943 790 dolore.

525 867 640 928 Pellam
653 868 685 927 te
699 866 738 929 de
752 865 847 927 corde
860 883 932 926 meo
945 913 952 944 ,

526 971 697 1050 adjuvante
709 970 831 1032 Christo
844 970 920 1047 deo,

525 1093 584 1137 nec
595 1074 776 1154 permittam
789 1077 821 1134 te
835 1075 953 1154 redire,

523 1178 551 1239 si
566 1177 682 1240 debeas
695 1177 834 1238 interire.

525 1315 587 1372 Nec
602 1310 743 1391 mireris,
758 1311 854 1390 pestis
869 1311 954 1392 dira,

524 1417 551 1478 si
567 1432 740 1494 persequor
753 1417 784 1476 te
798 1434 871 1477 cum
885 1415 947 1496 ira,

525 1537 623 1600 quare
637 1522 672 1579 tu
686 1520 762 1582 mibi
777 1519 877 1581 fecisti

524 1623 676 1704 quicquid
688 1625 761 1686 mali
776 1625 917 1704 potuisti.

526 1760 633 1822 Visum
645 1761 760 1823 mentis
775 1760 966 1842 obscurasti,

527 1867 559 1926 et
572 1864 715 1926 auditum
730 1866 893 1929 minorasti
908 1893 915 1946 ς

528 1975 678 2046 omne(m)
692 1987 820 2032 sensum
834 1971 1046 2050 conturbasti,

527 2090 641 2134 manus
654 2089 780 2151 quoque
791 2073 941 2152 religasti.

527 2219 574 2277 lle
584 2216 760 2294 temptabas
768 2218 801 2294 (l.
812 2218 969 2294 tentabas)
977 2219 1133 2280 suffocare

527 2324 559 2381 et
572 2322 704 2400 optabas
716 2320 887 2401 devorare,

526 2425 552 2486 si
563 2425 707 2487 volebam
720 2424 874 2503 respirare
887 2474 895 2505 ,

526 2532 559 2589 tu
575 2530 704 2590 nolebas
717 2531 823 2591 locum
838 2530 923 2592 dare.

524 2666 622 2729 Sudet
632 2667 665 2740 (l.
678 2666 789 2738 Pudet)
799 2684 850 2728 me
862 2669 970 2746 culpas
984 2686 1129 2748 narrare,

522 2789 602 2850 quas
615 2773 767 2834 monebas
780 2777 980 2854 perpetrare,

523 2875 594 2955 sed,
610 2893 683 2938 cum
697 2876 751 2938 tibi
766 2893 831 2938 non
846 2879 1010 2958 parebam,

523 2984 554 3041 te
569 2979 682 3067 iratam
697 2981 880 3044 sentiebam.

520 3117 550 3177 Si
563 3114 728 3193 quidboni
743 3115 924 3196 cupiebam,

520 3219 553 3275 te
567 3215 758 3276 contrariam
771 3217 970 3294 (b)abebam;

519 3321 566 3396 et,
582 3335 655 3379 cum
665 3334 726 3404 ego
739 3320 770 3379 te
783 3319 967 3399 credebam,

519 3419 597 3482 nibil
611 3420 685 3482 boni
700 3419 863 3484 faciebam.

518 3568 546 3631 Si
561 3569 704 3630 volebam
714 3571 877 3649 jejunare,

517 3686 568 3730 me
580 3668 706 3731 dicebas
723 3675 906 3753 aegrotare,

518 3775 549 3835 et
563 3773 714 3835 monebas
727 3775 937 3857 manducare,

518 3875 578 3937 nisi
593 3877 703 3937 vellem
716 3879 868 3956 pejorare.

518 4014 635 4094 Siquid
648 4016 761 4079 dabam
774 4016 946 4104 indigenti,

519 4119 683 4183 resistebas
697 4140 785 4186 meae
796 4126 892 4187 menti
905 4175 912 4206 ,
