2914 4944
728 405 890 491 -rm'-

447 570 535 631 coelo
549 569 642 632 simul
656 571 689 632 et
702 573 786 632 terra
801 569 948 650 condito,

447 675 487 737 de
497 674 604 739 divino
612 677 679 755 jam
693 675 799 756 prodit
814 676 931 739 animo.

505 812 633 874 Coelum
645 828 722 875 mox
735 810 928 892 spiritalibus

505 915 686 978 redimitum
698 919 747 979 est
760 917 901 997 civibus3

446 1024 525 1086 haec
539 1025 702 1086 auctorem
716 1040 810 1085 suum
823 1020 985 1084 laudantia

445 1127 601 1191 matutina
616 1131 691 1192 sunt
703 1129 756 1192 illa
769 1129 884 1193 sidera.

506 1265 609 1325 Tellus
623 1263 742 1345 inanis,
757 1280 878 1343 vacua,
920 1343 924 1352 .

507 1370 626 1432 latebat
643 1370 733 1452 aquis
745 1369 868 1450 obsita3

448 1479 509 1540 hae
521 1480 646 1554 (hanel)
658 1477 755 1540 facies
765 1475 915 1557 profundi
929 1473 1064 1556 gurgitis

448 1582 605 1662 caligabat
618 1582 764 1647 obductis
778 1581 928 1646 tenebris.

460 1794 462 1799 Ι
505 1720 593 1798 Aqua
607 1718 640 1794 (l.
654 1719 786 1796 Aquam)
802 1717 929 1795 fovens,
943 1712 1089 1779 vivificus

505 1828 572 1905 J'am
584 1825 789 1889 incumbebat
799 1823 944 1908 spiritns,

449 1937 485 1996 ut
498 1931 572 1995 binc
584 1948 686 2013 aquae
696 1934 762 2012 jam
775 1935 853 1995 tune
866 1929 1070 2010 conciperent

450 2040 535 2101 unde
543 2040 664 2119 prolem
678 2057 765 2102 nuno
776 2056 900 2102 sacram
913 2037 1073 2117 parerent.

507 2169 614 2231 llundi
628 2186 756 2247 quoque
769 2169 942 2248 primordia
954 2173 998 2250 (l)

507 2273 587 2336 lucis
600 2276 774 2337 venustans
788 2275 908 2355 gratia,

449 2379 532 2443 dixit
544 2383 648 2443 Deus:
666 2379 712 2443 Sit
723 2377 800 2443 lux!
816 2383 849 2442 et
861 2382 945 2444 iacta
959 2385 1025 2464 est,

450 2506 468 2548 a
484 2485 621 2550 tenebris
634 2485 709 2549 inde
723 2487 824 2552 divisa
837 2490 900 2552 est.

510 2621 556 2684 Sit
568 2637 680 2702 perpes
693 2624 758 2683 beo
772 2619 891 2702 gloria,
906 2623 966 2684 etc.

788 2865 835 2923 lv.

399 3081 402 3092 ·
511 3049 546 3107 ln
560 3045 709 3105 coeterno
723 3041 875 3104 Dominus

513 3149 610 3211 verbo
625 3147 706 3210 dixit
719 3147 889 3211 altissimus
904 3177 913 3211 ε

452 3255 698 3318 Firmamentum
712 3253 753 3316 sit
764 3253 985 3335 interpositum

454 3367 490 3425 ut
504 3361 624 3426 dividat
633 3379 788 3442 aquarum
801 3361 951 3425 medium.

511 3496 636 3558 Dictum
649 3493 783 3558 effectus
796 3485 950 3576 sequitur,

511 3605 644 3684 abyssus
656 3601 873 3683 interciditur3

449 3709 629 3790 jacentibus
642 3708 732 3789 aquis
746 3709 892 3794 inferius,

452 3815 690 3896 suspenduntur
700 3833 801 3897 aquae
810 3817 964 3898 superius.

287 4095 315 4150 (ll
329 4096 370 4149 llp
384 4107 396 4138 a
411 4093 466 4140 dans
478 4098 539 4139 notre
554 4093 618 4149 copie
631 4090 660 4137 lo
671 4093 756 4139 mundi
769 4079 810 4149 ἴῳ·
823 4095 939 4150 pout-ttae
953 4103 1068 4151 panaque.
