2902 4940
719 463 884 520 -256-

550 587 714 667 proposuit
725 587 809 649 hane
822 586 924 664 legem
939 611 946 643 ε

550 693 765 773 iherusalem,
780 689 907 754 exulta!

551 831 590 890 ut
603 825 716 889 aeneio
730 824 831 887 fidelis
843 872 851 904 ‚

549 935 575 998 si
589 936 657 999 vult
667 932 760 1013 potiri
774 929 890 1008 coelis,

551 1045 642 1106 curet
652 1036 775 1117 accingi
789 1034 859 1098 telis
872 1063 879 1094 ι

550 1143 762 1212 iherusalem!
778 1137 904 1203 exulta!

551 1284 591 1344 ut
602 1277 736 1359 perimat
749 1277 918 1354 tyrannos,

549 1367 603 1468 nui
617 1402 673 1465 per
684 1386 750 1444 tam
763 1380 881 1442 multos
894 1391 1014 1453 annea,

554 1491 712 1557 vexarunt
724 1483 915 1550 Christianos
927 1509 934 1542 ε

552 1595 763 1671 iherusalem,
778 1587 901 1652 exulta!
931 1632 938 1638 -

548 1732 587 1794 ut
598 1732 688 1792 locus
700 1743 776 1788 suae
789 1721 915 1799 mortis,

555 1837 646 1900 nobis
659 1832 821 1916 perfidem
835 1827 929 1907 ortis,

551 1941 695 2022 propriae
705 1940 762 2002 fiat
771 1938 865 2000 sortis
879 1964 886 1996 ι

552 2047 763 2125 iherusalem,
782 2041 905 2107 exulta!

550 2184 629 2242 Vera
643 2194 694 2239 res
707 2178 756 2238 est
771 2177 803 2236 et
815 2177 907 2252 nota3

552 2303 618 2348 non
632 2286 681 2345 est
689 2286 753 2346 Deo
764 2282 897 2360 devota,

553 2409 631 2472 gens
644 2407 709 2452 non
724 2390 764 2451 ad
778 2391 858 2450 haec
871 2388 1064 2461 eom(m)nta.

550 2497 760 2576 iherusalem,
772 2492 895 2557 exulta!

553 2634 618 2692 Hoe
630 2626 806 2708 praemium
819 2643 876 2690 rex
892 2626 996 2708 dabit,

551 2734 638 2816 quod
651 2751 685 2796 se
695 2731 909 2795 manifestabit

556 2840 630 2903 huie
644 2839 697 2919 qui
711 2841 792 2901 bene
803 2840 964 2920 pugnabit.

551 2947 761 3026 iherusalem,
774 2945 901 3008 exulta!
965 2927 967 2934 ¹
993 3017 994 3020 Ἴ

552 3083 613 3141 Cur
623 3096 703 3158 ergo
717 3080 861 3140 ereatura

557 3203 622 3248 non
631 3185 745 3248 militet
756 3200 883 3264 secura,

554 3309 627 3355 cum
640 3290 681 3352 sit
692 3290 753 3352 hoe
764 3290 934 3369 adeptura?

551 3397 763 3477 Jherusalem‚
778 3395 904 3458 exulta!

553 3535 653 3606 Quam
666 3531 746 3591 bene
757 3529 853 3592 servit
864 3531 962 3612 patri,

554 3637 657 3717 proles
672 3635 786 3697 devota
799 3634 908 3716 matri,

553 3741 598 3805 sie
610 3739 763 3822 placitura
777 3740 882 3802 fratri!

553 3845 760 3910 iherusalem!
776 3847 900 3909 exulta!

553 3981 692 4061 Christe,
709 3979 772 4041 tuis
783 3997 817 4042 es
829 3984 935 4060 paten3

553 4086 609 4167 ipsi
623 4090 697 4149 sunt
711 4087 766 4148 tibi
779 4091 895 4167 maten
