2914 4944
753 489 793 498 --
808 459 918 516 382-

376 583 549 664 hEthiopas
565 583 678 662 igitur,
701 587 811 646 Persas
823 584 981 663 indosque
992 587 1151 666 petentes,

416 707 538 752 merces
551 689 722 752 mutandas
734 690 894 752 mercibus
907 690 1089 753 instituunt.

378 801 446 859 Non
459 796 504 858 sic
518 796 559 858 ad
571 799 682 860 votum
696 795 899 859 Machometis
914 802 1051 862 cesserat
1063 815 1225 878 unquam,

418 919 477 964 nec
490 905 617 965 tantum
630 902 760 966 domino
772 903 921 983 proderat
934 909 1009 967 ante
1023 922 1081 968 suo
1095 933 1103 966 ι

378 1013 456 1071 Nam
469 1009 610 1091 rediens,
625 1009 794 1072 commissa
805 1009 863 1072 sihi
877 1010 1037 1092 duplicata
1051 1012 1213 1092 reportat,

418 1114 593 1195 quaedam,
607 1117 709 1178 multa
723 1116 825 1196 magis
838 1134 934 1198 quam
948 1117 1103 1197 triplicata
1115 1117 1225 1179 refert.

380 1246 470 1322 0(h)!
486 1247 665 1311 divinorum
678 1252 838 1313 scrutarer
847 1249 1043 1330 judiciorum

419 1354 491 1435 quis
500 1358 597 1436 queat
612 1362 703 1419 esse?
718 1357 805 1420 Malis
816 1359 887 1438 pius
901 1375 959 1420 sua
971 1361 1046 1422 vota
1061 1358 1178 1422 favent.

380 1461 442 1524 Sed
452 1461 479 1523 si
493 1462 659 1526 credamus
670 1463 785 1527 rationi
800 1465 1068 1545 christicolarum,

419 1587 517 1649 quam
529 1588 618 1633 sacra
629 1572 682 1633 lex
695 1571 818 1654 firmat,
833 1591 929 1652 quarn
941 1576 1029 1635 tenet
1040 1574 1121 1636 alma
1132 1571 1214 1634 fides
1227 1621 1235 1651 ,

381 1674 536 1738 Retrihuit
548 1680 630 1739 Deus
644 1677 704 1740 ista
718 1679 809 1741 malis
822 1683 950 1760 propter
962 1681 1048 1743 hona
1061 1680 1236 1760 quaedam,

421 1799 503 1861 quae
515 1782 708 1863 quandoque
721 1784 813 1864 maii,
827 1801 924 1864 parva
938 1784 1030 1866 licet,
1047 1783 1181 1846 faciunt.

382 1891 518 1952 Econtra
532 1909 627 1954 nemo
639 1895 705 1953 tam
720 1895 830 1954 sancte
843 1891 921 1956 vivit
935 1891 975 1954 ad
991 1909 1106 1968 unum,

421 1995 500 2076 quin
515 1997 686 2078 aliquando
700 2015 817 2078 manu,
832 2001 938 2060 mente
951 1999 1002 2061 vel
1015 2013 1072 2058 ore
1085 1995 1190 2058 cadat.

383 2101 438 2163 Hic
450 2101 547 2179 igitur
560 2102 713 2180 premitur
726 2107 763 2165 ut
777 2102 873 2165 ethic
888 2104 1026 2184 deponat
1037 2119 1200 2165 amurcam

421 2223 519 2285 quam
533 2206 572 2266 de
586 2210 717 2285 peccato
732 2208 893 2272 contrahit
906 2211 981 2272 exul
995 2211 1103 2272 homo.

384 2309 433 2374 Sic
445 2311 518 2390 Joh,
533 2311 578 2373 sic
592 2313 770 2374 Machomes
786 2313 899 2390 (honus
910 2313 980 2391 hic,
995 2317 1098 2376 maius
1111 2314 1174 2390 ille)
1187 2315 1345 2400 fuerunt,

422 2435 508 2480 nunc
522 2419 618 2480 hahet
631 2417 682 2481 hic
697 2417 857 2501 requiem,
872 2419 1007 2482 sustinet
1021 2419 1073 2482 ille
1086 2438 1214 2484 crucem
1228 2451 1236 2484 ι

382 2520 497 2583 Taliter
508 2522 699 2605 AntiochuS,
714 2523 896 2588 Machabaei
909 2523 1033 2605 taliter,
1048 2526 1081 2588 hi
1094 2544 1183 2590 nunc

422 2626 529 2689 felices
541 2630 697 2710 gaudent,
712 2648 799 2692 nunc
813 2630 909 2692 miser
924 2629 977 2692 iile
992 2630 1087 2692 dolet.

381 2737 546 2796 Pressuras
559 2736 665 2799 Sancti
677 2735 721 2799 sic
735 2754 846 2800 omnes
858 2755 959 2817 paene
969 2737 1130 2818 tulerunt,

422 2842 459 2902 ut
473 2840 563 2905 dolor
577 2841 637 2905 iste
650 2843 753 2906 brevis
766 2842 882 2924 gaudia
896 2844 989 2923 plena
1001 2843 1103 2905 daret.

382 2961 451 3019 Jam
464 2971 532 3018 non
543 2949 698 3032 turberiS,
712 2949 845 3013 Domino
859 2949 885 3012 si
897 2949 1021 3030 jndice,
1037 2949 1133 3031 justis

423 3061 474 3124 hic
486 3061 571 3122 mala
582 3056 787 3136 proveniunt,
801 3056 945 3119 veihona
960 3073 1054 3136 saepe
1067 3057 1167 3120 malis.

384 3165 491 3231 Divitis
505 3167 574 3226 esto
587 3179 708 3224 memor
719 3179 814 3242 quem
827 3168 962 3225 Lazarus
977 3162 1030 3225 ille
1044 3164 1198 3246 rogabat,

424 3272 516 3350 cujus
529 3268 670 3347 lingebat
683 3270 790 3331 ulcera
807 3269 916 3347 lingua
929 3286 1066 3332 canum:

384 3377 476 3441 Dives
489 3375 681 3438 inhumanus
694 3374 790 3436 modo
804 3376 1016 3436 tormentatur
1029 3375 1060 3437 in
1073 3374 1165 3456 igne,

424 3500 510 3548 nunc
524 3482 667 3544 Abrahae
680 3481 798 3558 gaudet
812 3485 948 3543 Lazarus
960 3480 994 3543 in
1006 3481 1139 3560 gremio.

384 3592 434 3656 Sic
447 3595 544 3669 Nero,
559 3587 604 3650 sic
617 3585 747 3666 DeciuS,
762 3586 928 3668 DatianuS,
944 3585 1152 3652 Maximianus

422 3695 605 3777 presserunt
618 3691 730 3756 Christi
745 3694 885 3771 tempore
899 3693 1040 3755 membra
1052 3712 1112 3759 suo
1126 3743 1134 3776 ,

384 3807 423 3866 Et
435 3805 530 3883 caput
542 3801 683 3881 ipsorum
695 3797 866 3872 (Christum
877 3799 1002 3878 loquor)
1014 3798 1050 3863 in
1061 3818 1154 3864 cruce
1168 3801 1259 3866 misit

424 3927 502 3990 gens
514 3907 565 3971 cui
579 3906 752 3986 promissus
766 3907 799 3968 et
812 3905 863 3968 cui
876 3903 991 3967 missus
1003 3911 1081 3970 erat.

383 4020 437 4081 llie
450 4016 638 4097 resurrexit,
657 4013 818 4095 ascendit,
835 4018 948 4094 regnat
961 4017 993 4076 et
1007 4015 1079 4078 illuc

422 4125 563 4188 membra
579 4121 676 4188 trahit
688 4139 797 4185 secum
808 4122 928 4201 jugiter
941 4122 1008 4201 ipse
1021 4140 1086 4185 sua.
