2908 4942
697 461 860 514 *272-

512 585 604 648 0vina
617 585 698 664 pelle
711 587 814 646 tectus
826 587 891 662 est,

512 692 565 772 qui
580 693 670 754 ferox
683 692 777 770 lupus
789 691 875 752 intus
888 693 947 752 est.

513 835 628 912 Captus
641 832 758 894 fatetur
769 847 935 911 peccasse,

513 939 753 1002 tautumscelus
766 940 959 1017 perpettasse
972 939 1007 1012 (l.
1020 939 1245 1017 perpetrasse),

513 1049 648 1108 mortem
660 1043 785 1107 comitis
798 1047 966 1123 tractasse,

514 1170 587 1216 cum
602 1151 710 1214 debuit
723 1153 906 1213 honorasse.

514 1289 574 1348 Ore
585 1303 644 1348 suo
658 1282 872 1362 convincitur,

514 1392 555 1453 ad
568 1393 757 1453 tormentum
772 1388 955 1466 deducitur,
1085 1417 1093 1426 ·

514 1496 559 1558 sic
573 1497 605 1558 in
617 1499 718 1558 altum
729 1495 931 1575 suspenditur
941 1507 962 1572 3'

513 1603 599 1683 quod
614 1603 731 1664 meruit
743 1601 931 1682 assequitur.

514 1742 613 1799 intrat
626 1753 703 1815 ergo
716 1739 784 1801 Rex
795 1733 987 1810 Flandriam,

518 1845 682 1906 cohortem
691 1859 847 1923 quaerens
858 1841 997 1920 impiam,

516 1951 555 2013 de
568 1950 617 2012 his
629 1967 684 2028 per
697 1948 750 2010 Dei
766 1947 900 2026 gratiam

514 2057 698 2134 expleturus
710 2052 876 2131 justitiam.

514 2184 605 2246 Venit
618 2188 758 2263 potestas
772 2185 876 2263 regia3

514 2289 668 2351 machinis
678 2289 775 2352 vallat
786 2288 929 2366 moenia,

515 2394 705 2475 aggreditur·
712 2393 827 2474 palatia

514 2503 629 2582 quibus
638 2503 716 2564 latet
729 2518 808 2580 gens
820 2500 925 2580 impia.

514 2636 666 2714 Utrinque
678 2635 796 2695 beilum
810 2633 945 2712 geritur,

514 2740 614 2805 hostis
626 2741 750 2802 hostem
764 2740 966 2820 aggreditur,

514 2849 594 2908 alter
606 2844 753 2906 mucione
765 2846 800 2919 (l.
815 2847 977 2918 mucrone)
997 2847 1154 2926 caeditur,

513 2956 593 3016 alter
599 2952 706 3032 jaculo
716 2950 834 3030 figitur.

513 3086 581 3147 istis
595 3086 650 3146 dat
662 3084 744 3146 vires
757 3083 889 3160 caritas,

512 3190 572 3252 illis
587 3190 699 3253 erescit
714 3188 874 3266 debilitas3

512 3297 561 3358 his
574 3298 714 3358 animum
729 3295 784 3356 dat
794 3295 952 3374 nequitae,

511 3402 571 3466 illis
586 3401 667 3465 toltit
680 3401 839 3480 iniquitas.

509 3534 586 3616 Qui,
600 3533 712 3614 privati
726 3532 873 3612 consiliu,

511 3642 680 3720 desperant
690 3641 732 3702 de
744 3639 879 3720 auxilio,

512 3751 600 3810 tanto
613 3763 671 3825 pro
686 3744 856 3809 homicidio

510 3853 578 3916 dari
593 3852 705 3915 timent
718 3851 825 3914 exitio.

510 3989 609 4066 Caput
620 3987 716 4065 hujus
728 3984 903 4064 nequitiae,

510 4093 626 4156 nuliius
642 4092 773 4169 dignum
785 4091 911 4169 veniae,
