2926 4952
574 443 718 496 *39*

98 565 148 623 aut
161 563 337 626 durissimis
350 564 505 644 lapidibus
525 567 581 628 aaut
594 567 680 627 creta
694 563 892 626 tenacissima
907 565 1090 643 repleretur,
1109 581 1203 642 porro

96 666 276 745 superficies
301 670 455 733 vallorum
483 668 667 732 eurumdem
685 666 895 746 integerrimis
917 667 1087 749 cespitibus
1113 670 1205 746 tege-

94 773 190 832 retur.
213 775 296 834 luter
317 786 454 852 quorum
469 773 605 837 confinia
624 774 848 852 plantabantur
872 773 1078 852 arbusculae„
1100 788 1201 851 quae,

95 877 129 934 ut
153 883 290 938 cernere
311 878 473 958 soleatus,
499 878 640 941 abscisae
667 881 763 958 atque
784 880 963 957 projectae,
991 894 1099 940 comas
1124 893 1205 939 cau-

94 977 201 1040 dicum
212 980 423 1061 foliorumque
435 983 609 1061 proferunt.
625 986 709 1043 luter
720 982 779 1043 hos
791 980 889 1060 igitur
900 998 1032 1060 aggeres
1045 980 1088 1042 ita
1102 979 1206 1043 viciat

93 1084 185 1146 villae
198 1087 451 1160 erant·lccatae,'
460 1089 497 1148 ut
511 1084 550 1148 de
563 1085 632 1147 aliis
645 1086 686 1148 ad
699 1084 777 1146 alias
790 1103 854 1148 vox
874 1086 1012 1148 bumana
1030 1083 1130 1164 possit
1141 1102 1206 1154 eu-

91 1189 167 1251 diri.·
181 1193 298 1254 Contra
308 1191 424 1272 ‘cadem
441 1209 517 1255 vero
530 1191 673 1254 aedificia
686 1191 768 1253 inter
783 1191 1043 1270 inexpugnabiles
1056 1189 1126 1253 illos
1138 1208 1206 1253 mu·

91 1299 270 1373 rosportae
290 1311 357 1358 non
370 1296 445 1358 satis
462 1297 545 1358 latae
559 1298 650 1357 erant
672 1295 879 1376 constitutae,
903 1312 959 1375 per
980 1314 1060 1375 quas
1072 1296 1205 1359 latroci-

91 1397 191 1459 nandi
215 1398 332 1479 gratia,
354 1416 418 1462 non
431 1401 535 1462 solum
547 1399 739 1480 exteriores,
759 1401 815 1462 sed
832 1399 928 1462 etiam
942 1400 1107 1463 interiores
1120 1400 1207 1464 exire

92 1502 240 1564 solebant
252 1507 305 1577 (l).
320 1524 335 1558 u

131 1622 174 1678 le
188 1618 260 1696 plus
277 1616 398 1680 celebre
412 1617 594 1698 philologue
607 1618 647 1680 de
662 1619 884 1698 l'Allemagne,
905 1623 943 1680 ll.
958 1618 1205 1696 telonarium,

91 1738 111 1781 a
131 1720 317 1784 bienvuulu
336 1724 499 1801 s’occuper
520 1722 604 1784 aussi
624 1723 663 1783 de
684 1739 743 1784 nus
758 1721 882 1785 Puesies
898 1722 1076 1802 populaires
1094 1721 1207 1786 latinos

92 1824 175 1886 dans
196 1841 255 1887 son
275 1825 498 1889 ¹Gediohtedes
513 1824 706 1887 blittolalters
720 1827 777 1888 aul
787 1826 887 1905 llbnig
904 1827 1062 1890 Friedrich
1076 1833 1088 1889 l
1107 1833 1171 1910 (ὣς
1185 1829 1207 1890 il

92 1945 176 1990 nous
203 1947 223 2009 y
248 1928 505 1992 accuse·d¹avoir
532 1931 621 1992 coola
649 1929 822 1992 substituer
839 1932 965 1992 Brcsciu
984 1935 1057 1994 auia
1068 1937 1113 2008 (3)
1129 1930 1148 1994 a
1162 1949 1207 1994 un

91 2051 170 2096 norn
193 2032 405 2097 ovidemment
426 2049 594 2113 corrompu
612 2035 833 2114 (Briciararia),
857 2033 900 2096 uu
919 2033 939 2095 il
957 2033 1034 2096 etait
1054 2036 1145 2098 facile
1167 2037 1207 2098 de

89 2144 293 2204 reconnaitre
306 2143 521 2219 Brutum,
536 2141 781 2221 Brisccapawio,
795 2143 828 2202 et
839 2141 995 2205 demando
1008 2159 1045 2205 ce
1057 2159 1120 2222 que
1130 2148 1207 2222 peut

89 2246 236 2326 signifier
248 2245 288 2309 ici
301 2250 381 2310 acta.
397 2245 549 2328 b’abord,
564 2263 646 2309 nous
659 2263 759 2310 avons
773 2245 907 2326 proposo
919 2250 1012 2309 notre
1025 2247 1206 2310 restituticn

89 2370 171 2415 avec
184 2350 387 2416 une-reservo
399 2353 564 2430 beaucoup
577 2351 680 2414 moins
693 2351 952 2431 presumptueuse
970 2379 978 2413 ι
1006 2355 1064 2414 On·
1081 2369 1122 2415 ne
1149 2354 1210 2416 sait

90 2457 167 2534 quel
180 2458 231 2518 est
243 2455 274 2516 le¹
286 2472 363 2518 nom
377 2454 458 2518 dela
470 2454 571 2534 patrie
587 2454 641 2534 qui
660 2454 728 2518 doit
741 2454 829 2518 avoir
842 2455 890 2520 six
910 2457 1063 2538 syllabes‚
1079 2456 1209 2520 disious·

91 2575 176 2621 nous
188 2558 252 2638 (il,
270 2561 303 2620 ct
317 2575 354 2622 ae
366 2559 448 2620 n'est
461 2559 604 2638 qu'entre
620 2556 835 2639 parenthesis,
850 2562 882 2620 et
896 2576 937 2622 en
957 2563 1209 2646 accompagpant

91 2667 187 2726 notre
195 2663 372 2726 correction
383 2663 459 2726 d'uu
466 2661 556 2740 signe
567 2661 607 2724 de
616 2661 724 2743 doute,
734 2679 797 2742 que
806 2679 888 2724 nous
897 2661 1079 2742 indiquions
1085 2681 1209 2728 comma

89 2767 230 2847 possible
251 2769 376 2830 Bressia
392 2769 473 2830 auia.
495 2770 581 2829 Nous
593 2766 754 2846 navium,
779 2766 800 2828 il
820 2768 870 2829 est
891 2766 976 2846 urai,
997 2767 1094 2846 pense'
1113 2769 1146 2831 ni
1167 2787 1208 2834 au

92 2871 224 2951 Brisgau
238 2870 271 2934 ni
290 2868 310 2934 a
329 2884 376 2932 un
395 2869 458 2932 lieu
474 2871 673 2949 quelconque
687 2868 726 2932 de
738 2870 942 2947 l’Allemagne
959 2888 1003 2932 ou
1017 2871 1058 2932 de
1079 2872 1208 2953 l’ltalie;

93 2978 125 3037 le
138 2975 256 3038 reirain
271 2976 321 3036 est
336 2971 564 3036 certainement
579 2971 658 3035 dans
675 2973 706 3034 la
724 2972 842 3052 langue
856 2971 998 3051 vulgaire
1019 2974 1063 3034 du
1075 2992 1153 3055 pays
1166 2974 1210 3039 cir

91 3085 178 3145 cette
192 3081 337 3144 chausun
350 3099 369 3142 a
383 3077 433 3141 ete
451 3078 542 3160 faite,
558 3081 590 3140 et
609 3078 681 3140 Tort
697 3099 717 3141 a
734 3097 799 3140 cers
814 3081 872 3141 mci
888 3082 988 3143 Domo
1002 3097 1044 3143 ne
1062 3085 1139 3162 peut
1151 3101 1211 3164 ap-

92 3187 237 3267 partenir
248 3184 321 3266 qu'ir
343 3205 388 3248 un
406 3185 539 3250 dialecto
552 3185 638 3267 parle
657 3205 697 3248 en
717 3191 846 3250 Franco.
870 3190 893 3249 ll
907 3205 990 3250 nous
1002 3191 1052 3251 cst
1068 3205 1208 3268 parvenu

135 3361 166 3414 (l)
182 3358 307 3403 Monachus
321 3359 479 3416 sangallensis,
497 3360 512 3405 l.
531 3375 562 3416 u,
580 3361 636 3405 dans
781 3371 836 3404 pam
845 3362 987 3404 porretanum
996 3363 1087 3396 exorem:

94 3423 175 3476 Ρθῐῑῑ,
190 3420 340 3472 mimula
354 3419 497 3467 Gemanica
512 3421 636 3474 historica,
814 3405 876 3440 Tm·
884 3416 924 3440 Ψ·
933 3408 969 3440 '¹¹⁸¹
976 3405 1038 3478 Μ’·

95 3491 112 3528 l.
126 3484 164 3537 ll,
177 3495 199 3539 p.
211 3486 259 3526 747.
783 3466 1068 3554 mnoeffiffissfflffliamh

135 3555 168 3679 g}
180 3551 212 3667 ξ.
220 3557 345 3668 ⁷finitum
356 3629 391 3668 est
401 3623 429 3668 ici
441 3624 558 3682 beaucoup
566 3625 638 3670 maius

96 3690 165 3755 exact
189 3685 243 3757 qu’il
263 3697 290 3729 ue
303 3685 353 3757 best
369 3685 563 3758 habituellement3
582 3699 638 3732 nous
699 3702 824 3750 perdimus
837 3702 906 3759 Wolf,
923 3703 995 3748 vehar
1004 3669 1044 3750 dia
1053 3705 1117 3761 tais,
1131 3722 1152 3766 p,
1164 3714 1212 3756 43³.

96 3757 177 3790 avions
190 3747 222 3790 dil
234 3745 346 3818 prestiti,
358 3747 459 3820 putta,
476 3747 497 3791 Ιλ
511 3747 602 3804 Elem,
615 3756 639 3794 θῑ
674 3767 737 3811 11052
747 3765 996 3821 &videntquopei'ssml'l
1006 3769 1066 3824 quia
1076 3771 1212 3828 unegyssabe

98 3818 143 3854 non
156 3807 274 3862 Breuem»
287 3809 402 3854 uranum.
418 3809 478 3854 unus
491 3810 639 3866 apponemus
674 3829 703 3874 aa
714 3833 776 3885 trop,
790 3839 803 3871 a
815 3827 850 3871 uc
863 3828 920 3872 carra
932 3827 1002 3884 putu
1014 3844 1055 3888 par
1068 3834 1173 3878 warenn
1185 3835 1212 3880 ua

96 3869 228 3941 seulement·
240 3869 273 3914 les
292 3870 351 3916 deux
371 3871 470 3916 derniers
489 3873 587 3928 couplets
598 3872 638 3929 qui
672 3901 769 3948 mm„
780 3901 825 3945 que
839 3901 880 3945 W
893 3893 1034 3947 „mppon'
1050 3899 1073 3937 θ,
1086 3899 1147 3938 mun,
1160 3907 1212 3940 m,

96 3942 153 3974 Μ·
164 3936 294 3986 ΡΜΜΘΜ
301 3933 423 3979 ifflsflfmfll
432 3938 483 3978 Μ·
492 3934 524 3978 ¹⁰⁸
532 3934 639 3980 ‘mm
675 3950 811 4008 titutionqui
821 3963 848 3996 ua
857 3958 911 4007 pout
919 3953 1037 4010 s’appuyer
1047 3955 1070 3998 ni
1082 3967 1121 3999 sur
1132 3955 1152 3999 la
1161 3967 1212 4001 res-

100 3992 125 4035 de
139 3992 161 4037 ¹³
173 3993 294 4050 lu⁰⁵l50⁰²
676 4014 803 4060 semblence
813 4013 851 4058 dea
864 4020 928 4069 muts,
942 4016 966 4059 ni
976 4028 1015 4061 sur
1029 4016 1048 4060 la
1063 4016 1172 4064 nicam
1182 4017 1212 4063 alu

210 4064 486 4161 ffssffffircffir'ffnssflu'ffl
675 4087 734 4131 sens,
744 4079 778 4120 ast
788 4075 934 4122 entitrement
943 4076 1069 4123 arbitraire.

212 4154 261 4187 malo
271 4154 350 4188 muudus
359 4161 376 4188 et
382 4165 452 4198 pauper
459 4165 518 4188 vivere
701 4147 731 4200 (l)
745 4145 771 4190 P.
788 4149 833 4192 lto.
