2914 4944
552 463 591 473 -
606 432 713 490 427-

369 556 442 636 heli,
458 557 538 639 heli,
553 561 636 620 Deus
646 573 749 634 meus

367 666 464 745 Cujus
474 662 575 726 virtus
585 667 688 726 totum
701 679 809 744 posse,

366 772 458 850 euJ‘us
471 787 583 832 sensus
596 773 699 834 totum
711 786 806 834 nosse
807 817 822 856 ,

366 879 847 959 Cujusessesummumbonum,

367 981 848 1065 euJ‘usopusquidquidbonum!

365 1094 849 1174 Supersuneta,suhtuseancta‚

364 1203 455 1263 extra
470 1203 600 1282 cuncta,
615 1200 699 1263 intra
713 1201 849 1278 cuncta3

364 1310 448 1370 Intra
459 1310 573 1371 cuncta
587 1325 646 1370 nee
659 1307 818 1386 inclusus,

364 1415 454 1475 extra
469 1416 583 1476 cuncta
596 1430 656 1476 nec
669 1413 838 1492 exclusus,

363 1519 476 1582 Subter
485 1521 599 1582 cuneta
610 1537 669 1582 nee
678 1518 877 1597 subtractus,

361 1638 456 1702 super
467 1625 582 1686 cuneta
596 1640 656 1686 nee
669 1624 781 1685 elatus.

113 1781 161 1841 Un
173 1779 264 1840 autre
276 1795 408 1858 passage
420 1795 540 1859 prouve
553 1795 618 1844 une
628 1777 750 1860 grande
763 1777 915 1843 habitude
928 1778 968 1840 de
980 1779 1011 1840 la
1026 1776 1182 1842 versifica·

73 1880 142 1944 tion
163 1882 365 1964 rhythmique
386 1886 419 1946 et
441 1901 504 1947 une
525 1884 665 1947 certaine
683 1883 850 1964 puissanee
863 1884 1010 1965 poetique
1030 1903 1092 1966 que
1112 1886 1177 1949 l’on

71 1990 220 2052 retrouve
233 1989 313 2052 dans
326 1991 372 2052 les
385 2007 456 2055 vers
468 1982 656 2053 d’Abailard.

361 2147 443 2206 Reus
456 2143 566 2207 mortis
577 2162 643 2209 non
656 2145 807 2226 despero,

360 2251 416 2314 sed
429 2250 462 2314 in
475 2255 577 2316 morte
590 2250 688 2316 vitam
702 2267 832 2331 quaero.

359 2359 471 2432 Quota
484 2358 605 2437 placem
619 2357 664 2421 nil
675 2357 849 2436 praetendo
864 2407 872 2440 ‚

360 2461 421 2522 nisi
434 2461 530 2523 fidem
543 2478 641 2540 quam
655 2461 803 2526 defendo.

360 2561 468 2626 Fidem
481 2563 585 2645 vides,
603 2565 686 2630 hane
699 2566 853 2648 imploro,

361 2669 431 2733 leva
445 2670 562 2733 fascem
575 2689 638 2751 quo
652 2673 774 2736 laboro.

361 2780 420 2838 Per
431 2776 494 2840 hoe
506 2793 633 2840 sacrum
644 2777 835 2856 cataplasma

361 2885 562 2948 convalescat
574 2899 706 2963 aegrum
718 2884 858 2966 plasma,

361 2992 457 3052 Extra
472 2991 596 3071 portam
605 2991 674 3070 jam
688 2989 846 3070 delatum,

357 3098 425 3177 jam
436 3099 609 3161 foetantem
621 3097 831 3178 tumulatum,

274 3181 278 3189 ¹
361 3201 443 3266 Vitta
454 3201 549 3284 ligat,
563 3201 642 3283 lapis
656 3204 766 3284 urget,

248 3377 250 3382 ,
361 3308 433 3390 sed,
448 3308 474 3372 si
484 3310 596 3392 jubes,
610 3307 662 3372 hie
676 3312 830 3390 resurget.

359 3414 454 3496 Jube,
468 3414 547 3494 lapis
559 3415 757 3496 revolvetur3

357 3521 451 3602 jube,
465 3519 543 3584 vitta
559 3521 776 3602 dirumpetur3

361 3626 511 3689 Eriturus
521 3626 622 3690 nescit
633 3644 751 3708 moras,

361 3735 529 3812 postquam
540 3735 676 3796 clamas:
692 3732 748 3795 Exi
761 3734 855 3796 foras.

361 3841 397 3899 ln
411 3838 473 3902 hoo
486 3839 553 3902 salo
565 3855 636 3901 mea
650 3837 726 3903 ratis

362 3942 529 4008 infestatur
542 3963 560 4007 a
572 3943 681 4024 piratis
692 3971 701 4026 3

362 4050 440 4114 Hine
453 4053 605 4132 assultus,
621 4053 694 4119 inde
707 4054 836 4133 fluetus,
