2892 4940
719 450 759 460 -
773 418 828 476 lot
839 451 879 460 —-

319 541 373 604 vix
387 543 490 604 telluri
504 560 628 606 summa
642 544 759 622 pedum
772 544 938 624 imponunt
950 544 1091 624 vestigia.

319 673 461 752 crispant
472 674 574 737 crines
589 674 786 754 calamistro,
801 675 885 737 circa
899 679 994 754 eaput
1008 675 1162 738 condiunt
1174 680 1240 754 (lig

319 797 414 859 supra
425 780 516 844 sedes
531 781 701 860 gloriantes
714 782 822 844 Patres
835 781 896 844 dici
909 785 1075 862 appetunt,

320 884 376 947 sed
390 903 407 946 a
421 885 503 965 lupis
517 903 629 965 greges
643 903 718 948 suos
730 885 860 948 minime
872 887 1066 949 custodiunt.

320 1029 397 1087 Nam
411 1025 464 1088 Dei
478 1027 565 1105 plebs
578 1025 686 1088 multis
699 1026 802 1088 modis
815 1027 968 1088 multatus
979 1027 1124 1106 quotidie
1136 1061 1145 1108 3

321 1132 397 1195 dum
412 1131 552 1194 cavenda
566 1131 669 1192 mollis
682 1134 790 1209 pastor
801 1131 924 1194 illectus
937 1134 1088 1215 segnitie,

320 1237 402 1298 bello
413 1236 524 1315 nequit
538 1235 622 1298 bosti
637 1236 733 1316 duro,
749 1235 829 1298 virili
843 1237 988 1300 resistere
1002 1245 1011 1313 (
1036 1245 1055 1314 ).

321 1372 429 1435 Tutior
441 1373 516 1435 binc
530 1372 630 1435 bostis
644 1375 747 1437 factus
760 1392 817 1436 sua
832 1375 934 1437 tendit
947 1377 1044 1457 retia,

321 1480 372 1557 ut,
389 1475 437 1538 his
451 1480 558 1556 capta,
574 1477 793 1540 fraudulentur
807 1481 996 1559 populorum
1010 1480 1157 1560 agmina,

321 1579 520 1643 trucidentur
533 1583 565 1641 et
578 1580 619 1641 ad
632 1597 725 1643 saeva
740 1582 898 1644 ducantur
910 1584 1056 1647 ludibria.

320 1720 478 1794 Quosdam
493 1722 586 1782 necat
600 1721 681 1781 clam
694 1723 837 1800 palamve
851 1721 982 1785 foetenti
996 1722 1124 1784 libidine

322 1829 354 1887 et
367 1825 490 1888 voracis
501 1825 657 1904 quosdam
671 1825 744 1905 igne
756 1827 921 1890 succendit
935 1828 1076 1890 tenaciae
1089 1832 1132 1903 (3)
1144 1857 1153 1908 3

322 1932 478 2009 quosdam
490 1949 566 1996 vero
581 1936 664 1996 fastu
676 1932 780 1995 caedit
791 1933 920 1994 immitis
935 1933 1109 2012 superbiae.

323 2069 372 2133 Sic
387 2069 503 2131 afflicta
517 2073 604 2149 plebs
618 2071 759 2150 privatur
773 2071 953 2150 praesulum
967 2070 1144 2150 praesidio,

325 2175 379 2254 qui
394 2176 516 2254 placere
530 2174 623 2236 nimis
637 2177 749 2252 optant
762 2174 852 2253 fungi
868 2174 1049 2235 transitorio

326 2294 385 2338 nec
396 2280 546 2339 verentur
558 2294 696 2356 nequam
709 2275 774 2339 vita
790 2275 954 2356 displicere
967 2275 1110 2339 Domino.

326 2415 400 2475 Olus
413 2413 536 2495 (morti,
552 2417 584 2476 et
598 2417 742 2496 anetum,
758 2413 983 2495 cuminumque
997 2415 1165 2496 deamant3

325 2514 412 2593 quod
426 2517 474 2575 est
486 2532 627 2577 crassum
641 2514 699 2576 sibi
713 2518 856 2595 servant,
869 2514 1073 2578 macilentum
1084 2517 1276 2595 reprobant(
1301 2520 1324 2592 l,

326 2621 441 2678 curant
453 2618 568 2697 quibus
581 2618 659 2681 cibis
673 2637 730 2680 sua
745 2623 885 2683 stercora
897 2620 1077 2683 conficiant.

326 2753 444 2810 Horum
460 2765 588 2812 mensae
602 2751 824 2825 [b]onerantur
838 2769 878 2812 ex
890 2750 1021 2814 diversis
1036 2752 1162 2814 ferculis
1175 2781 1188 2832 3

327 2870 401 2914 vasa
412 2855 535 2934 fulgent
548 2858 700 2917 coronata
714 2855 916 2936 pigmentatis
930 2856 1067 2937 poculiS,

327 2958 441 3039 quibus
454 2965 536 3022 Deus
550 2963 661 3023 venter
674 2965 781 3023 exstat
794 2961 950 3024 distentus
964 2962 1093 3024 deliciis.

327 3099 432 3156 Bonus
446 3097 554 3173 pastor
569 3095 629 3156 illis
642 3095 758 3156 clamat
774 3123 780 3154 :
798 3097 861 3156 Vae
875 3094 934 3155 erit
947 3093 1141 3174 pastoribus7

327 3200 380 3280 qui
396 3202 569 3262 vescuntur
584 3199 688 3278 gregis
702 3197 750 3261 sui
765 3197 916 3278 saginatis
929 3199 1093 3280 carnibus,

327 3304 400 3384 quia
415 3307 509 3364 crunt
521 3303 691 3381 mancipati
705 3301 821 3364 inferni
834 3303 1017 3366 tortoribus

327 3439 427 3513 Ergo,
442 3434 549 3493 Patres
562 3432 749 3512 venerandi,
765 3431 922 3511 sapienter
935 3431 1029 3494 vivite

277 3659 305 3712 (t)
319 3656 488 3701 P'rcboblement
498 3653 569 3697 Circa
579 3658 612 3696 est
621 3653 649 3696 ici
659 3665 702 3696 unc
713 3655 789 3708 prepo-
851 3653 878 3707 (5)
892 3651 994 3697 senecia
1003 3667 1058 3710 pour
1071 3655 1207 3711 femellas,
1220 3658 1333 3714 Avarico,
1342 3670 1363 3702 sc

250 3720 333 3771 sitien,
354 3719 450 3773 quoique
472 3727 529 3760 ricus
547 3714 638 3770 n’apous
658 3715 740 3768 jamnis
759 3726 789 3757 vu
825 3721 902 3758 trouve
925 3714 980 3760 dans
999 3717 1027 3760 du
1049 3718 1137 3774 Gange,
1162 3723 1178 3762 t.
1200 3719 1244 3774 Vl,
1268 3733 1291 3776 p.
1311 3726 1362 3774 533,

250 3779 357 3824 donnerd
371 3778 471 3822 Condirc
486 3789 528 3822 unc
544 3775 690 3832 signification
702 3776 789 3818 intrau-
825 3777 866 3821 cof.
878 3786 899 3825 3.

251 3843 325 3886 sitive.

276 3912 305 3967 le)
317 3913 437 3956 Peut-ttre
449 3921 477 3952 au
495 3909 539 3952 lieu
554 3908 581 3950 de
592 3911 671 3950 mettre
689 3917 732 3948 une
742 3905 790 3947 vir-

251 3973 301 4028 gule
312 3972 376 4027 apres
387 3971 460 4026 duro,
476 3970 607 4014 devrait-on
623 3967 643 4010 le
661 3973 788 4022 transposer

252 4041 273 4078 et
289 4035 379 4078 ccrire:

296 4109 344 4140 luae
354 4107 401 4139 bello
412 4106 473 4145 nequit
483 4106 530 4137 busli
540 4103 587 4136 virili
598 4103 685 4134 ausinora

851 3875 879 3929 (a)
893 3874 910 3916 ll
922 3886 936 3930 g
950 3886 963 3917 a
979 3873 1035 3918 deus
1048 3874 1068 3918 le
1087 3885 1127 3916 ms.
1139 3874 1270 3930 reprobant
1287 3873 1364 3918 moct-
1431 3881 1432 3932 ζ

823 3934 927 3988 lentum·
942 3940 1000 3979 cette
1011 3934 1165 3990 transposition
1176 3936 1231 3979 etait
1240 3934 1365 3980 ne'ccssite'e
1431 3939 1432 3996 ff

825 3997 1014 4052 parlerbptbma.
1431 3997 1432 4004 ’
