2902 4940
544 479 707 534 —257—

373 599 421 661 his
433 604 466 662 tu
481 617 571 664 soror
584 606 617 664 et
630 604 735 664 frater.

371 707 581 790 Jherusalem,
598 710 719 772 exulta!

369 841 455 922 Nati,
470 845 578 928 parete
588 842 689 922 patri3

369 947 432 1028 fui,
447 963 579 1011 sucurre
591 950 683 1012 matri
696 977 704 1030 3

370 1055 500 1136 fratres,
516 1055 631 1120 servite
644 1057 743 1118 fratri.

368 1163 580 1238 mensalem,
596 1162 719 1225 exulta!

370 1297 448 1358 Urbs
461 1297 548 1376 regia
561 1345 569 1377 ,
583 1297 742 1377 gaudet03

368 1401 463 1464 corde
479 1405 596 1465 resulta
610 1405 710 1481 laeto,

368 1511 400 1568 et
412 1525 525 1571 secura
539 1509 685 1571 maneto!

341 1656 342 1659 ,
366 1612 578 1692 therusalem,
594 1617 702 1677 exulta
717 1615 723 1675 Ξ

367 1751 433 1809 Rex
446 1746 598 1826 praecipit
610 1750 647 1808 ut
659 1751 768 1826 gentes
782 1796 789 1825 ,

367 1852 479 1931 gladiis
492 1853 684 1932 renitentes,

368 1963 398 2019 te
410 1959 538 2023 visitent
550 1959 725 2038 gaudentes
738 1979 745 2020 ι

366 2065 580 2146 iherusalem,
596 2066 724 2128 exulta!

366 2199 542 2261 Procedant
555 2199 641 2278 ipsae
654 2203 721 2262 tute
734 2249 741 2278 ‚

363 2302 454 2382 siguo
468 2307 572 2369 erucis
585 2306 733 2387 indutae,

368 2411 446 2472 coeli
458 2428 565 2488 regem
579 2414 721 2476 secutae!

362 2515 569 2596 therusalern,
583 2518 689 2580 exulta
702 2519 709 2579 ἔ

361 2651 483 2709 Lancea
496 2647 580 2726 regis
594 2651 672 2711 coeli

363 2752 448 2830 genti
462 2751 556 2813 datur
569 2753 651 2816 fideli
663 2805 670 2835 ‚

361 2860 398 2918 ut
408 2856 449 2918 sit
460 2873 546 2920 mors
557 2857 684 2922 infideli.

363 2963 555 3024 iherusalem
566 3011 574 3043 ,
585 2966 692 3025 exulta
706 2967 712 3026 Ξ

357 3099 471 3160 Coetus
484 3101 746 3182 Christianorum,

358 3223 415 3283 pro
429 3207 517 3268 vobis
531 3210 617 3269 stant
631 3213 818 3271 cunctorum

359 3315 503 3374 catervae
517 3317 717 3392 superorum.

356 3418 566 3498 Jherusalem‚
584 3422 709 3483 exulta!

355 3550 436 3623 Quid
449 3550 545 3630 igitur
558 3553 688 3616 timetis!

356 3659 464 3717 Nonne
479 3658 570 3734 plane
584 3658 695 3721 videtis

355 3779 437 3840 quae
453 3746 534 3825 dona
549 3765 699 3843 capietis?

355 3867 546 3930 iherusalem
563 3872 710 3948 ,exultat

353 4003 443 4060 tussa
456 3997 539 4078 regis
553 4003 767 4084 complentur3

355 4105 419 4168 finli
433 4108 465 4181 (l.
481 4106 595 4186 singuli
603 4113 625 4186 Ρ)
639 4111 836 4187 gratulentur
