2902 4940
572 459 610 468 —-
625 427 681 484 253
696 458 735 465 —

135 553 158 613 0
170 556 348 616 Lantrance
360 602 368 635 ,
384 558 474 634 pater
488 571 602 633 magne
614 553 767 633 ,praesul
781 549 992 628 honorabilis,

137 661 339 724 orthodoxae
352 661 430 740 legis
441 659 556 722 Christi
569 660 680 722 doctor
694 655 900 736 admirabilis,

132 765 227 844 qui(s)
245 770 280 829 te
294 766 396 847 novit,
414 766 489 828 dum
504 769 536 828 te
549 769 679 846 pensat,
694 782 761 827 non
774 766 822 826 est
835 761 903 824 sine
916 760 1083 841 lacrymis?

131 896 180 959 Sic
193 898 299 981 luisti,
312 900 389 961 dum
400 898 523 981 vixisti,
537 898 695 980 prudens,
711 900 832 977 bonus,
847 897 972 976 sapiens

133 1006 165 1063 et
179 1003 211 1065 in
225 1005 323 1066 rebus
336 1005 491 1068 universis
505 1005 664 1086 sapienter
675 1003 838 1084 gradiens,

132 1115 165 1170 al
177 1127 245 1173 non
258 1109 315 1172 tibi
329 1127 436 1191 parem
453 1111 548 1174 habet
561 1111 670 1175 Oriens
684 1111 733 1174 vel
744 1109 908 1173 Occidens.

132 1243 217 1306 unde
227 1247 303 1325 jure
319 1245 524 1308 contristatur
538 1263 633 1309 omne
646 1262 795 1325 praesens
809 1246 989 1323 saeculum,

128 1350 305 1428 perdidisse
316 1369 350 1414 sc
364 1353 532 1432 deplorans
545 1352 625 1415 lucis
638 1370 715 1414 suae
726 1353 907 1432 speculum,

129 1460 223 1538 atque
237 1475 370 1520 normae
385 1459 575 1521 christianae
588 1476 741 1539 magnum
755 1458 1016 1538 gubernaculum.
1059 1450 1063 1458 ’

127 1589 209 1652 llel'r!
226 1590 311 1652 helil
326 1607 530 1670 properemus
544 1589 639 1651 istum
651 1590 744 1670 llere,
759 1588 858 1668 Socii,

127 1696 217 1774 cujus
232 1689 345 1758 su'mus
362 1699 520 1758 amatores
531 1696 602 1774 plus
616 1712 712 1774 quam
726 1713 837 1758 omnes
849 1695 973 1774 populi,

125 1819 181 1864 nec
195 1805 376 1882 optemusa
390 1803 531 1882 singultu
546 1805 672 1880 tempus
686 1801 787 1862 ullum
801 1800 855 1863 otii
869 1800 876 1861 1

125 1937 212 1997 Nulla
228 1935 300 1998 dies
311 1937 360 1999 vel
374 1937 573 1998 momentum
586 1934 655 1996 sine
666 1935 756 1996 luctu
772 1936 935 2013 transeat,

124 2044 231 2104 tantus
243 2058 373 2104 moeror
388 2041 427 2103 de
440 2042 616 2104 Lanfranco
629 2057 696 2102 non
710 2041 749 2101 de
761 2039 858 2102 corde
870 2043 995 2120 pereat,

125 2147 178 2209 sed
188 2165 245 2228 per
258 2147 327 2210 dies
336 2151 368 2210 et
380 2165 437 2227 per
451 2151 562 2211 noctes
576 2196 584 2228 ,
601 2150 637 2209 ut
650 2151 700 2209 est
713 2147 866 2226 dignum,
881 2147 1022 2210 maneat!

127 2279 200 2352 Quis
211 2282 426 2344 Lanlrancum
437 2280 523 2342 flebit
537 2280 649 2361 digne,
664 2279 760 2361 mihi,
775 2298 909 2360 quaeso,
929 2281 1042 2360 dicite,

124 2401 215 2462 quern
229 2385 343 2466 sophia
355 2386 544 2465 gubernavit
554 2405 572 2448 a
584 2387 745 2466 primaevo
759 2389 918 2464 tempore,

124 2488 301 2554 divinarum
316 2509 428 2554 causas
440 2493 509 2570 ejus
524 2491 664 2553 condens
676 2508 780 2554 rerum
794 2495 939 2570 pectore?

124 2625 185 2686 Oh!
201 2643 302 2706 quam
317 2627 449 2704 pulchre
464 2623 629 2702 deputavit
642 2625 699 2687 sibi
714 2625 947 2702 necessarium,

123 2746 213 2806 quern
226 2735 296 2794 tam
307 2729 398 2792 valde
411 2728 592 2792 venustavit
607 2728 777 2809 disciplinis
791 2730 907 2792 artium
917 2731 975 2809 (l),

126 2833 286 2912 sigillatim
300 2851 394 2914 super
409 2835 559 2912 cunctos,
574 2837 694 2912 septem
707 2833 901 2896 liberalium!

124 2967 187 3030 Non
200 2969 232 3032 in
245 2967 372 3048 magnis
383 2983 490 3028 rerum
499 2963 604 3028 causis
619 2963 679 3026 fuit
692 2967 758 3027 tam
768 2965 892 3028 difficile
903 3014 911 3046 ,

124 3072 146 3133 si
160 3093 215 3154 per
227 3092 357 3138 sensum
369 3072 551 3154 meditantis
563 3075 631 3134 erat
645 3090 786 3152 unquam
799 3071 920 3155 scibile,

122 3182 203 3257 quod
215 3182 409 3244 Lanlrancus
423 3178 605 3259 indagando
619 3197 685 3242 non
701 3179 825 3242 fecisset
838 3182 943 3245 facile.

123 3309 167 3373 Sic
181 3312 332 3376 nimirum
341 3329 464 3392 semper
478 3316 548 3393 ejus
562 3313 713 3393 vigilabat
725 3311 865 3392 animus,

124 3419 157 3477 ut
167 3417 201 3479 in
215 3420 309 3481 rebus
322 3419 480 3484 universis
493 3425 577 3483 esset
589 3417 796 3500 peritissimus

122 3527 151 3584 ct
161 3527 325 3605 quaerenti
341 3526 496 3589 rationem
508 3526 641 3589 reddere
652 3525 916 3607 promptissimus.

125 3657 213 3728 Quod
227 3659 259 3722 in
271 3659 387 3724 scholis
404 3661 479 3722 dum
494 3661 635 3723 studeret
649 3661 833 3724 adolescens
844 3657 956 3720 didicit

125 3766 285 3830 secuturos
299 3766 511 3830 instructurus
525 3766 642 3845 optime
656 3766 802 3846 retinuit,

110 3993 137 4048 tu
156 3998 184 4044 Ge
203 4013 253 4046 vers
268 4004 350 4048 scmhlo
369 4013 500 4058 corrompu3
519 4001 615 4056 quoique
645 4013 680 4045 -un
692 4013 743 4045 sens
752 3999 855 4056 re'titchi,
867 4003 881 4046 ll
892 4003 939 4047 taut
948 4015 1000 4049 sans
1011 4007 1077 4054 doute
1087 4010 1125 4056 lire
1137 4013 1188 4068 qul,

95 4047 208 4104 leccatore
220 4063 280 4108 n'ctlt
294 4075 333 4118 pas
347 4064 401 4108 dans
413 4063 433 4106 la
447 4063 519 4106 bonne
531 4062 614 4105 latinite
649 4074 676 4105 ou
686 4061 825 4118 disciplina.
