<?xml version="1.0" encoding="UTF-8"?>
<!DOCTYPE html PUBLIC "-//W3C//DTD XHTML 1.0 Transitional//EN"
    "http://www.w3.org/TR/xhtml1/DTD/xhtml1-transitional.dtd">
<html xmlns="http://www.w3.org/1999/xhtml" xml:lang="en" lang="en">
 <head>
  <title>
</title>
<meta http-equiv="Content-Type" content="text/html;charset=utf-8" />
  <meta name='ocr-system' content='tesseract 3.04.00' />
  <meta name='ocr-capabilities' content='ocr_page ocr_carea ocr_par ocr_line ocrx_word'/>
</head>
<body>
  <div class='ocr_page' id='page_1' title='image "./posiespopulaire01mrgoog_0078.png"; bbox 0 0 2926 4952; ppageno 0'>
   <div class='ocr_carea' id='block_1_1' title="bbox 721 469 862 524">
    <p class='ocr_par' dir='ltr' id='par_1_1' title="bbox 721 469 862 524">
     <span class='ocr_line' id='line_1_1' title="bbox 721 469 862 524; baseline -0.014 -16"><span class='ocrx_word' id='word_1_1' title='bbox 721 469 862 524; x_wconf 56' lang='lat' dir='ltr'>...gg-</span> 
     </span>
    </p>
   </div>
   <div class='ocr_carea' id='block_1_2' title="bbox 234 591 1348 1098">
    <p class='ocr_par' dir='ltr' id='par_1_2' title="bbox 237 591 1346 782">
     <span class='ocr_line' id='line_1_2' title="bbox 237 591 1346 676; baseline -0.005 -15"><span class='ocrx_word' id='word_1_2' title='bbox 237 599 335 661; x_wconf 90' lang='lat' dir='ltr'>Oculo</span> <span class='ocrx_word' id='word_1_3' title='bbox 352 598 434 660; x_wconf 84' lang='lat' dir='ltr'>male</span> <span class='ocrx_word' id='word_1_4' title='bbox 447 591 575 658; x_wconf 81' lang='lat' dir='ltr'>habenti</span> <span class='ocrx_word' id='word_1_5' title='bbox 594 591 721 674; x_wconf 84' lang='lat' dir='ltr'>signum</span> <span class='ocrx_word' id='word_1_6' title='bbox 738 591 918 655; x_wconf 76' lang='lat' dir='ltr'>salutiferae</span> <span class='ocrx_word' id='word_1_7' title='bbox 938 593 1041 656; x_wconf 91' lang='lat' dir='ltr'>crucis</span> <span class='ocrx_word' id='word_1_8' title='bbox 1066 594 1230 676; x_wconf 84' lang='lat' dir='ltr'>imprimit,</span> <span class='ocrx_word' id='word_1_9' title='bbox 1244 629 1286 640; x_wconf 89' lang='lat'><em>-</em></span> <span class='ocrx_word' id='word_1_10' title='bbox 1298 595 1346 656; x_wconf 92' lang='lat' dir='ltr'>si-</span> 
     </span>
     <span class='ocr_line' id='line_1_3' title="bbox 276 695 1210 782; baseline -0.007 -17"><span class='ocrx_word' id='word_1_11' title='bbox 276 703 405 782; x_wconf 91' lang='lat' dir='ltr'>mulque</span> <span class='ocrx_word' id='word_1_12' title='bbox 417 717 491 762; x_wconf 90' lang='lat' dir='ltr'>cum</span> <span class='ocrx_word' id='word_1_13' title='bbox 504 698 639 760; x_wconf 88' lang='lat' dir='ltr'>sanitate</span> <span class='ocrx_word' id='word_1_14' title='bbox 651 696 782 778; x_wconf 88' lang='lat' dir='ltr'>pristina</span> <span class='ocrx_word' id='word_1_15' title='bbox 795 695 962 760; x_wconf 85' lang='lat' dir='ltr'>confestim</span> <span class='ocrx_word' id='word_1_16' title='bbox 975 698 1083 774; x_wconf 87' lang='lat' dir='ltr'>lumen</span> <span class='ocrx_word' id='word_1_17' title='bbox 1097 698 1210 760; x_wconf 86' lang='lat' dir='ltr'>reddit.</span> 
     </span>
    </p>

    <p class='ocr_par' dir='ltr' id='par_1_3' title="bbox 235 802 1344 975">
     <span class='ocr_line' id='line_1_4' title="bbox 235 802 1344 890; baseline -0.007 -16"><span class='ocrx_word' id='word_1_18' title='bbox 235 817 353 890; x_wconf 81' lang='lat' dir='ltr'>Regem</span> <span class='ocrx_word' id='word_1_19' title='bbox 370 826 482 890; x_wconf 90' lang='lat' dir='ltr'>regum</span> <span class='ocrx_word' id='word_1_20' title='bbox 502 804 687 886; x_wconf 84' lang='lat' dir='ltr'>magnificat</span> <span class='ocrx_word' id='word_1_21' title='bbox 704 821 760 865; x_wconf 80' lang='lat' dir='ltr'>rex</span> <span class='ocrx_word' id='word_1_22' title='bbox 778 803 898 883; x_wconf 79' lang='lat' dir='ltr'>lactus3</span> <span class='ocrx_word' id='word_1_23' title='bbox 920 837 960 847; x_wconf 91' lang='lat'>—</span> <span class='ocrx_word' id='word_1_24' title='bbox 979 802 1097 865; x_wconf 84' lang='lat' dir='ltr'>laetitia</span> <span class='ocrx_word' id='word_1_25' title='bbox 1119 805 1258 883; x_wconf 88' lang='lat' dir='ltr'>repletur</span> <span class='ocrx_word' id='word_1_26' title='bbox 1277 822 1344 883; x_wconf 85' lang='lat' dir='ltr'>po-</span> 
     </span>
     <span class='ocr_line' id='line_1_5' title="bbox 295 914 377 975; baseline -0.037 0"><span class='ocrx_word' id='word_1_27' title='bbox 295 914 377 975; x_wconf 92' lang='lat' dir='ltr'>ulus.</span> 
     </span>
    </p>

    <p class='ocr_par' dir='ltr' id='par_1_4' title="bbox 234 933 1348 1098">
     <span class='ocr_line' id='line_1_6' title="bbox 234 933 1348 1098; baseline -0.004 -17"><span class='ocrx_word' id='word_1_28' title='bbox 234 933 357 1098; x_wconf 59' lang='lat' dir='ltr'>lugenti</span> <span class='ocrx_word' id='word_1_29' title='bbox 371 1017 493 1079; x_wconf 86' lang='lat' dir='ltr'>exultat</span> <span class='ocrx_word' id='word_1_30' title='bbox 505 1013 621 1094; x_wconf 87' lang='lat' dir='ltr'>gaudio</span> <span class='ocrx_word' id='word_1_31' title='bbox 633 1011 799 1076; x_wconf 90' lang='lat' dir='ltr'>universus</span> <span class='ocrx_word' id='word_1_32' title='bbox 819 965 968 1092; x_wconf 73' lang='lat' dir='ltr'>senatus3</span> <span class='ocrx_word' id='word_1_33' title='bbox 987 1013 1194 1075; x_wconf 76' lang='lat' dir='ltr'>—laudatur</span> <span class='ocrx_word' id='word_1_34' title='bbox 1214 1015 1348 1077; x_wconf 78' lang='lat' dir='ltr'>leude-</span> 
     </span>
    </p>
   </div>
   <div class='ocr_carea' id='block_1_3' title="bbox 232 1120 1221 1285">
    <p class='ocr_par' dir='ltr' id='par_1_5' title="bbox 232 1120 1221 1285">
     <span class='ocr_line' id='line_1_7' title="bbox 274 1120 589 1204; baseline -0.016 -19"><span class='ocrx_word' id='word_1_35' title='bbox 274 1123 374 1204; x_wconf 80' lang='lat' dir='ltr'>ricus,</span> <span class='ocrx_word' id='word_1_36' title='bbox 394 1120 448 1185; x_wconf 90' lang='lat' dir='ltr'>Dei</span> <span class='ocrx_word' id='word_1_37' title='bbox 468 1137 589 1183; x_wconf 90' lang='lat' dir='ltr'>servus.</span> 
     </span>
     <span class='ocr_line' id='line_1_8' title="bbox 232 1217 1221 1285; baseline -0.005 0"><span class='ocrx_word' id='word_1_38' title='bbox 232 1222 430 1285; x_wconf 83' lang='lat' dir='ltr'>Glorilicatur</span> <span class='ocrx_word' id='word_1_39' title='bbox 442 1223 482 1284; x_wconf 87' lang='lat' dir='ltr'>ab</span> <span class='ocrx_word' id='word_1_40' title='bbox 495 1219 642 1283; x_wconf 79' lang='lat' dir='ltr'>omnibus</span> <span class='ocrx_word' id='word_1_41' title='bbox 655 1253 696 1264; x_wconf 88' lang='lat'>—-</span> <span class='ocrx_word' id='word_1_42' title='bbox 708 1217 859 1280; x_wconf 87' lang='lat' dir='ltr'>mirabilis</span> <span class='ocrx_word' id='word_1_43' title='bbox 870 1217 902 1278; x_wconf 96' lang='lat' dir='ltr'>in</span> <span class='ocrx_word' id='word_1_44' title='bbox 916 1218 1039 1282; x_wconf 83' lang='lat' dir='ltr'>Sanctis</span> <span class='ocrx_word' id='word_1_45' title='bbox 1053 1219 1118 1282; x_wconf 90' lang='lat' dir='ltr'>suis</span> <span class='ocrx_word' id='word_1_46' title='bbox 1129 1224 1221 1282; x_wconf 87' lang='lat' dir='ltr'>Deus.</span> 
     </span>
    </p>
   </div>
   <div class='ocr_carea' id='block_1_4' title="bbox 229 1320 1451 2656">
    <p class='ocr_par' dir='ltr' id='par_1_6' title="bbox 232 1320 1345 1508">
     <span class='ocr_line' id='line_1_9' title="bbox 232 1320 1345 1406; baseline -0.008 -17"><span class='ocrx_word' id='word_1_47' title='bbox 232 1329 391 1390; x_wconf 85' lang='lat' dir='ltr'>Convocat</span> <span class='ocrx_word' id='word_1_48' title='bbox 411 1325 555 1406; x_wconf 88' lang='lat' dir='ltr'>princeps</span> <span class='ocrx_word' id='word_1_49' title='bbox 577 1322 726 1402; x_wconf 91' lang='lat' dir='ltr'>primates</span> <span class='ocrx_word' id='word_1_50' title='bbox 747 1320 870 1402; x_wconf 68' lang='lat' dir='ltr'>populi,</span> <span class='ocrx_word' id='word_1_51' title='bbox 893 1356 933 1366; x_wconf 88' lang='lat'><strong>—</strong></span> <span class='ocrx_word' id='word_1_52' title='bbox 956 1338 1052 1400; x_wconf 92' lang='lat' dir='ltr'>seque</span> <span class='ocrx_word' id='word_1_53' title='bbox 1079 1322 1181 1402; x_wconf 92' lang='lat' dir='ltr'>ipsum</span> <span class='ocrx_word' id='word_1_54' title='bbox 1209 1324 1345 1386; x_wconf 88' lang='lat' dir='ltr'>accusat</span> 
     </span>
     <span class='ocr_line' id='line_1_10' title="bbox 271 1422 1239 1508; baseline -0.006 -16"><span class='ocrx_word' id='word_1_55' title='bbox 271 1429 358 1508; x_wconf 85' lang='lat' dir='ltr'>quod</span> <span class='ocrx_word' id='word_1_56' title='bbox 368 1433 433 1491; x_wconf 92' lang='lat' dir='ltr'>tam</span> <span class='ocrx_word' id='word_1_57' title='bbox 446 1429 537 1491; x_wconf 88' lang='lat' dir='ltr'>tarde</span> <span class='ocrx_word' id='word_1_58' title='bbox 550 1423 722 1506; x_wconf 81' lang='lat' dir='ltr'>inquireret</span> <span class='ocrx_word' id='word_1_59' title='bbox 735 1426 830 1502; x_wconf 89' lang='lat' dir='ltr'>atque</span> <span class='ocrx_word' id='word_1_60' title='bbox 843 1422 1043 1501; x_wconf 84' lang='lat' dir='ltr'>cognovisset</span> <span class='ocrx_word' id='word_1_61' title='bbox 1056 1424 1159 1486; x_wconf 90' lang='lat' dir='ltr'>virum</span> <span class='ocrx_word' id='word_1_62' title='bbox 1175 1425 1239 1487; x_wconf 85' lang='lat' dir='ltr'>Dei.</span> 
     </span>
    </p>

    <p class='ocr_par' dir='ltr' id='par_1_7' title="bbox 232 1525 1342 1712">
     <span class='ocr_line' id='line_1_11' title="bbox 232 1525 1342 1614; baseline -0.009 -15"><span class='ocrx_word' id='word_1_63' title='bbox 232 1534 477 1614; x_wconf 85' lang='lat' dir='ltr'>Congratrdatur</span> <span class='ocrx_word' id='word_1_64' title='bbox 496 1546 623 1609; x_wconf 89' lang='lat' dir='ltr'>quoque</span> <span class='ocrx_word' id='word_1_65' title='bbox 645 1527 684 1589; x_wconf 86' lang='lat' dir='ltr'>dc</span> <span class='ocrx_word' id='word_1_66' title='bbox 703 1525 922 1612; x_wconf 88' lang='lat' dir='ltr'>magnitudine</span> <span class='ocrx_word' id='word_1_67' title='bbox 943 1526 1099 1602; x_wconf 79' lang='lat' dir='ltr'>miraculi,</span> <span class='ocrx_word' id='word_1_68' title='bbox 1118 1564 1158 1574; x_wconf 92' lang='lat'><strong>—</strong></span> <span class='ocrx_word' id='word_1_69' title='bbox 1173 1529 1260 1608; x_wconf 93' lang='lat' dir='ltr'>quod</span> <span class='ocrx_word' id='word_1_70' title='bbox 1274 1531 1342 1590; x_wconf 88' lang='lat' dir='ltr'>tam</span> 
     </span>
     <span class='ocr_line' id='line_1_12' title="bbox 273 1631 1088 1712; baseline -0.011 -8"><span class='ocrx_word' id='word_1_71' title='bbox 273 1640 366 1705; x_wconf 91' lang='lat' dir='ltr'>citius</span> <span class='ocrx_word' id='word_1_72' title='bbox 380 1635 478 1701; x_wconf 89' lang='lat' dir='ltr'>sensit</span> <span class='ocrx_word' id='word_1_73' title='bbox 488 1634 637 1698; x_wconf 88' lang='lat' dir='ltr'>virtutem</span> <span class='ocrx_word' id='word_1_74' title='bbox 651 1631 844 1712; x_wconf 68' lang='lat' dir='ltr'>spiritualis</span> <span class='ocrx_word' id='word_1_75' title='bbox 856 1631 1088 1695; x_wconf 84' lang='lat' dir='ltr'>medicamenti.</span> 
     </span>
    </p>

    <p class='ocr_par' dir='ltr' id='par_1_8' title="bbox 233 1734 1451 2030">
     <span class='ocr_line' id='line_1_13' title="bbox 233 1734 1345 1818; baseline -0.004 -11"><span class='ocrx_word' id='word_1_76' title='bbox 233 1749 278 1807; x_wconf 89' lang='lat' dir='ltr'>lta</span> <span class='ocrx_word' id='word_1_77' title='bbox 296 1747 334 1807; x_wconf 90' lang='lat' dir='ltr'>ut</span> <span class='ocrx_word' id='word_1_78' title='bbox 352 1739 470 1805; x_wconf 90' lang='lat' dir='ltr'>nullius</span> <span class='ocrx_word' id='word_1_79' title='bbox 487 1736 643 1803; x_wconf 90' lang='lat' dir='ltr'>cicatricis</span> <span class='ocrx_word' id='word_1_80' title='bbox 662 1734 810 1816; x_wconf 81' lang='lat' dir='ltr'>vestigia,</span> <span class='ocrx_word' id='word_1_81' title='bbox 834 1735 951 1798; x_wconf 89' lang='lat' dir='ltr'>nullius</span> <span class='ocrx_word' id='word_1_82' title='bbox 964 1736 1107 1816; x_wconf 88' lang='lat' dir='ltr'>caliginis</span> <span class='ocrx_word' id='word_1_83' title='bbox 1121 1738 1271 1818; x_wconf 88' lang='lat' dir='ltr'>reliquiae</span> <span class='ocrx_word' id='word_1_84' title='bbox 1287 1758 1345 1802; x_wconf 91' lang='lat' dir='ltr'>re-</span> 
     </span>
     <span class='ocr_line' id='line_1_14' title="bbox 270 1841 1451 1936; baseline -0.003 -25"><span class='ocrx_word' id='word_1_85' title='bbox 270 1849 453 1928; x_wconf 77' lang='lat' dir='ltr'>manerent3</span> <span class='ocrx_word' id='word_1_86' title='bbox 477 1880 523 1936; x_wconf 41' lang='grc' dir='ltr'>-Ι</span> <span class='ocrx_word' id='word_1_87' title='bbox 537 1843 593 1906; x_wconf 91' lang='lat' dir='ltr'>sed</span> <span class='ocrx_word' id='word_1_88' title='bbox 613 1842 746 1905; x_wconf 88' lang='lat' dir='ltr'>clariore</span> <span class='ocrx_word' id='word_1_89' title='bbox 767 1841 887 1904; x_wconf 91' lang='lat' dir='ltr'>lumine</span> <span class='ocrx_word' id='word_1_90' title='bbox 906 1847 938 1905; x_wconf 92' lang='lat' dir='ltr'>et</span> <span class='ocrx_word' id='word_1_91' title='bbox 959 1842 1187 1923; x_wconf 87' lang='lat' dir='ltr'>perspicaciore</span> <span class='ocrx_word' id='word_1_92' title='bbox 1208 1844 1278 1908; x_wconf 91' lang='lat' dir='ltr'>visu</span> <span class='ocrx_word' id='word_1_93' title='bbox 1301 1846 1344 1908; x_wconf 88' lang='lat' dir='ltr'>de</span> <span class='ocrx_word' id='word_1_94' title='bbox 1450 1895 1451 1898; x_wconf 15' lang='grc' dir='ltr'>η</span> 
     </span>
     <span class='ocr_line' id='line_1_15' title="bbox 270 1944 1451 2030; baseline -0.008 -16"><span class='ocrx_word' id='word_1_95' title='bbox 270 1955 381 2014; x_wconf 85' lang='lat' dir='ltr'>sanato</span> <span class='ocrx_word' id='word_1_96' title='bbox 392 1952 459 2030; x_wconf 89' lang='lat' dir='ltr'>jam</span> <span class='ocrx_word' id='word_1_97' title='bbox 471 1949 565 2011; x_wconf 91' lang='lat' dir='ltr'>oculo</span> <span class='ocrx_word' id='word_1_98' title='bbox 578 1944 726 2009; x_wconf 91' lang='lat' dir='ltr'>luminosi</span> <span class='ocrx_word' id='word_1_99' title='bbox 739 1944 819 2007; x_wconf 89' lang='lat' dir='ltr'>radii</span> <span class='ocrx_word' id='word_1_100' title='bbox 837 1946 1040 2024; x_wconf 79' lang='lat' dir='ltr'>refulgerent.</span> <span class='ocrx_word' id='word_1_101' title='bbox 1450 1957 1451 1970; x_wconf 60' lang='lat'>¹</span> 
     </span>
    </p>

    <p class='ocr_par' dir='ltr' id='par_1_9' title="bbox 229 2047 1344 2431">
     <span class='ocr_line' id='line_1_16' title="bbox 229 2047 1344 2129; baseline -0.003 -13"><span class='ocrx_word' id='word_1_102' title='bbox 229 2053 396 2129; x_wconf 84' lang='lat' dir='ltr'>Ex(s)ultat</span> <span class='ocrx_word' id='word_1_103' title='bbox 407 2049 509 2114; x_wconf 92' lang='lat' dir='ltr'>omnis</span> <span class='ocrx_word' id='word_1_104' title='bbox 520 2052 608 2111; x_wconf 89' lang='lat' dir='ltr'>aetas</span> <span class='ocrx_word' id='word_1_105' title='bbox 618 2065 674 2128; x_wconf 91' lang='lat' dir='ltr'>per</span> <span class='ocrx_word' id='word_1_106' title='bbox 687 2049 790 2109; x_wconf 88' lang='lat' dir='ltr'>toturn</span> <span class='ocrx_word' id='word_1_107' title='bbox 800 2047 970 2129; x_wconf 83' lang='lat' dir='ltr'>palatium,</span> <span class='ocrx_word' id='word_1_108' title='bbox 988 2085 1029 2096; x_wconf 92' lang='lat'>-</span> <span class='ocrx_word' id='word_1_109' title='bbox 1048 2068 1111 2112; x_wconf 89' lang='lat' dir='ltr'>una</span> <span class='ocrx_word' id='word_1_110' title='bbox 1125 2067 1189 2113; x_wconf 85' lang='lat' dir='ltr'>vox</span> <span class='ocrx_word' id='word_1_111' title='bbox 1202 2053 1344 2128; x_wconf 72' lang='lat' dir='ltr'>extsprl-</span> 
     </span>
     <span class='ocr_line' id='line_1_17' title="bbox 268 2151 1342 2234; baseline -0.003 -12"><span class='ocrx_word' id='word_1_112' title='bbox 268 2159 397 2222; x_wconf 89' lang='lat' dir='ltr'>tationis</span> <span class='ocrx_word' id='word_1_113' title='bbox 419 2161 451 2218; x_wconf 89' lang='lat' dir='ltr'>et</span> <span class='ocrx_word' id='word_1_114' title='bbox 472 2151 678 2219; x_wconf 81' lang='lat' dir='ltr'>confessionis</span> <span class='ocrx_word' id='word_1_115' title='bbox 691 2156 784 2215; x_wconf 91' lang='lat' dir='ltr'>sonat</span> <span class='ocrx_word' id='word_1_116' title='bbox 796 2170 853 2231; x_wconf 91' lang='lat' dir='ltr'>per</span> <span class='ocrx_word' id='word_1_117' title='bbox 864 2152 1047 2215; x_wconf 89' lang='lat' dir='ltr'>universum</span> <span class='ocrx_word' id='word_1_118' title='bbox 1060 2171 1206 2234; x_wconf 72' lang='lat' dir='ltr'>regnum,</span> <span class='ocrx_word' id='word_1_119' title='bbox 1217 2173 1342 2219; x_wconf 79' lang='lat' dir='ltr'>——cum</span> 
     </span>
     <span class='ocr_line' id='line_1_18' title="bbox 268 2254 1341 2341; baseline -0.005 -16"><span class='ocrx_word' id='word_1_120' title='bbox 268 2261 474 2341; x_wconf 76' lang='lat' dir='ltr'>leudericus,</span> <span class='ocrx_word' id='word_1_121' title='bbox 500 2275 610 2323; x_wconf 89' lang='lat' dir='ltr'>servus</span> <span class='ocrx_word' id='word_1_122' title='bbox 622 2255 750 2337; x_wconf 78' lang='lat' dir='ltr'>Christi,</span> <span class='ocrx_word' id='word_1_123' title='bbox 774 2291 815 2302; x_wconf 90' lang='lat'>—</span> <span class='ocrx_word' id='word_1_124' title='bbox 837 2254 1043 2318; x_wconf 75' lang='lat' dir='ltr'>leudericum</span> <span class='ocrx_word' id='word_1_125' title='bbox 1064 2272 1173 2334; x_wconf 88' lang='lat' dir='ltr'>regem</span> <span class='ocrx_word' id='word_1_126' title='bbox 1198 2257 1341 2320; x_wconf 88' lang='lat' dir='ltr'>reddidit</span> 
     </span>
     <span class='ocr_line' id='line_1_19' title="bbox 270 2366 491 2431; baseline -0.018 0"><span class='ocrx_word' id='word_1_127' title='bbox 270 2366 408 2431; x_wconf 90' lang='lat' dir='ltr'>sanitati.</span> <span class='ocrx_word' id='word_1_128' title='bbox 485 2376 491 2386; x_wconf 86' lang='lat'>&#39;</span> 
     </span>
    </p>

    <p class='ocr_par' dir='ltr' id='par_1_10' title="bbox 230 2461 1344 2656">
     <span class='ocr_line' id='line_1_20' title="bbox 230 2461 1344 2548; baseline -0.008 -11"><span class='ocrx_word' id='word_1_129' title='bbox 230 2471 436 2537; x_wconf 89' lang='lat' dir='ltr'>Permultum</span> <span class='ocrx_word' id='word_1_130' title='bbox 449 2471 574 2548; x_wconf 86' lang='lat' dir='ltr'>tempus</span> <span class='ocrx_word' id='word_1_131' title='bbox 593 2463 749 2528; x_wconf 81' lang='lat' dir='ltr'>laboravit</span> <span class='ocrx_word' id='word_1_132' title='bbox 764 2463 797 2526; x_wconf 95' lang='lat' dir='ltr'>in</span> <span class='ocrx_word' id='word_1_133' title='bbox 811 2479 928 2527; x_wconf 85' lang='lat' dir='ltr'>vanum</span> <span class='ocrx_word' id='word_1_134' title='bbox 946 2461 1083 2526; x_wconf 88' lang='lat' dir='ltr'>invalida</span> <span class='ocrx_word' id='word_1_135' title='bbox 1100 2481 1215 2528; x_wconf 87' lang='lat' dir='ltr'>manus</span> <span class='ocrx_word' id='word_1_136' title='bbox 1236 2467 1344 2529; x_wconf 87' lang='lat' dir='ltr'>medi-</span> 
     </span>
     <span class='ocr_line' id='line_1_21' title="bbox 269 2566 1341 2656; baseline -0.006 -16"><span class='ocrx_word' id='word_1_137' title='bbox 269 2593 396 2656; x_wconf 74' lang='lat' dir='ltr'>corum3</span> <span class='ocrx_word' id='word_1_138' title='bbox 409 2609 450 2620; x_wconf 88' lang='lat'>—-</span> <span class='ocrx_word' id='word_1_139' title='bbox 463 2573 522 2635; x_wconf 85' lang='lat' dir='ltr'>iste</span> <span class='ocrx_word' id='word_1_140' title='bbox 541 2585 660 2651; x_wconf 88' lang='lat' dir='ltr'>pauper</span> <span class='ocrx_word' id='word_1_141' title='bbox 673 2567 820 2632; x_wconf 86' lang='lat' dir='ltr'>clamavit</span> <span class='ocrx_word' id='word_1_142' title='bbox 837 2584 895 2648; x_wconf 93' lang='lat' dir='ltr'>pro</span> <span class='ocrx_word' id='word_1_143' title='bbox 907 2566 1003 2631; x_wconf 83' lang='lat' dir='ltr'>divite</span> <span class='ocrx_word' id='word_1_144' title='bbox 1014 2574 1046 2631; x_wconf 89' lang='lat' dir='ltr'>et</span> <span class='ocrx_word' id='word_1_145' title='bbox 1066 2569 1217 2633; x_wconf 87' lang='lat' dir='ltr'>Dominus</span> <span class='ocrx_word' id='word_1_146' title='bbox 1235 2589 1341 2634; x_wconf 84' lang='lat' dir='ltr'>exau-</span> 
     </span>
    </p>
   </div>
   <div class='ocr_carea' id='block_1_5' title="bbox 227 2682 1340 3393">
    <p class='ocr_par' dir='ltr' id='par_1_11' title="bbox 227 2682 1340 3393">
     <span class='ocr_line' id='line_1_22' title="bbox 269 2682 443 2746; baseline -0.023 0"><span class='ocrx_word' id='word_1_147' title='bbox 269 2682 347 2746; x_wconf 90' lang='lat' dir='ltr'>divit</span> <span class='ocrx_word' id='word_1_148' title='bbox 358 2699 443 2744; x_wconf 92' lang='lat' dir='ltr'>eum.</span> 
     </span>
     <span class='ocr_line' id='line_1_23' title="bbox 229 2778 1340 2868; baseline -0.004 -15"><span class='ocrx_word' id='word_1_149' title='bbox 229 2789 321 2866; x_wconf 91' lang='lat' dir='ltr'>Quod</span> <span class='ocrx_word' id='word_1_150' title='bbox 341 2785 482 2868; x_wconf 88' lang='lat' dir='ltr'>potentia</span> <span class='ocrx_word' id='word_1_151' title='bbox 505 2801 570 2847; x_wconf 95' lang='lat' dir='ltr'>non</span> <span class='ocrx_word' id='word_1_152' title='bbox 593 2782 693 2846; x_wconf 86' lang='lat' dir='ltr'>valuit</span> <span class='ocrx_word' id='word_1_153' title='bbox 711 2778 822 2847; x_wconf 84' lang='lat' dir='ltr'>&#39;divitis</span> <span class='ocrx_word' id='word_1_154' title='bbox 840 2781 974 2862; x_wconf 78' lang='lat' dir='ltr'>excelsi,</span> <span class='ocrx_word' id='word_1_155' title='bbox 997 2817 1037 2826; x_wconf 94' lang='lat'>-</span> <span class='ocrx_word' id='word_1_156' title='bbox 1060 2782 1122 2844; x_wconf 88' lang='lat' dir='ltr'>hoc</span> <span class='ocrx_word' id='word_1_157' title='bbox 1141 2784 1226 2863; x_wconf 89' lang='lat' dir='ltr'>apud</span> <span class='ocrx_word' id='word_1_158' title='bbox 1238 2788 1340 2849; x_wconf 82' lang='lat' dir='ltr'>Deum</span> 
     </span>
     <span class='ocr_line' id='line_1_24' title="bbox 268 2889 718 2970; baseline -0.022 -10"><span class='ocrx_word' id='word_1_159' title='bbox 268 2895 367 2960; x_wconf 84' lang='lat' dir='ltr'>valuit</span> <span class='ocrx_word' id='word_1_160' title='bbox 379 2893 481 2958; x_wconf 91' lang='lat' dir='ltr'>oratio</span> <span class='ocrx_word' id='word_1_161' title='bbox 491 2889 618 2954; x_wconf 90' lang='lat' dir='ltr'>humilis</span> <span class='ocrx_word' id='word_1_162' title='bbox 628 2889 718 2970; x_wconf 80' lang='lat' dir='ltr'>J&#39;usti.</span> 
     </span>
     <span class='ocr_line' id='line_1_25' title="bbox 231 2981 1316 3083; baseline -0.007 -17"><span class='ocrx_word' id='word_1_163' title='bbox 231 2999 397 3083; x_wconf 85' lang='lat' dir='ltr'>Oquautis</span> <span class='ocrx_word' id='word_1_164' title='bbox 408 2997 583 3062; x_wconf 89' lang='lat' dir='ltr'>honoribus</span> <span class='ocrx_word' id='word_1_165' title='bbox 596 3013 654 3058; x_wconf 77' lang='lat' dir='ltr'>rex</span> <span class='ocrx_word' id='word_1_166' title='bbox 666 2993 851 3058; x_wconf 87' lang='lat' dir='ltr'>sublimaret</span> <span class='ocrx_word' id='word_1_167' title='bbox 864 3031 904 3040; x_wconf 90' lang='lat'><em>-</em></span> <span class='ocrx_word' id='word_1_168' title='bbox 917 2995 970 3058; x_wconf 81' lang='lat' dir='ltr'>Dei</span> <span class='ocrx_word' id='word_1_169' title='bbox 984 3013 1129 3076; x_wconf 68' lang='lat' dir='ltr'>servum,</span> <span class='ocrx_word' id='word_1_170' title='bbox 1144 2995 1170 3058; x_wconf 88' lang='lat' dir='ltr'>si</span> <span class='ocrx_word' id='word_1_171' title='bbox 1185 2995 1298 3059; x_wconf 87' lang='lat' dir='ltr'>vellet!</span> <span class='ocrx_word' id='word_1_172' title='bbox 1314 2981 1316 2986; x_wconf 62' lang='grc'><strong>’</strong></span> 
     </span>
     <span class='ocr_line' id='line_1_26' title="bbox 227 3097 981 3182; baseline -0.016 -12"><span class='ocrx_word' id='word_1_173' title='bbox 227 3104 361 3182; x_wconf 83' lang='lat' dir='ltr'>Quantis</span> <span class='ocrx_word' id='word_1_174' title='bbox 372 3101 558 3166; x_wconf 90' lang='lat' dir='ltr'>muneribus</span> <span class='ocrx_word' id='word_1_175' title='bbox 572 3101 724 3180; x_wconf 67' lang='lat' dir='ltr'>repleret,</span> <span class='ocrx_word' id='word_1_176' title='bbox 736 3133 776 3143; x_wconf 88' lang='lat'>-—</span> <span class='ocrx_word' id='word_1_177' title='bbox 794 3098 819 3159; x_wconf 94' lang='lat' dir='ltr'>si</span> <span class='ocrx_word' id='word_1_178' title='bbox 834 3097 981 3178; x_wconf 84' lang='lat' dir='ltr'>cuperat!</span> 
     </span>
     <span class='ocr_line' id='line_1_27' title="bbox 228 3202 1068 3289; baseline -0.012 -14"><span class='ocrx_word' id='word_1_179' title='bbox 228 3211 360 3289; x_wconf 84' lang='lat' dir='ltr'>Quantis</span> <span class='ocrx_word' id='word_1_180' title='bbox 378 3206 584 3287; x_wconf 89' lang='lat' dir='ltr'>dignitatibus</span> <span class='ocrx_word' id='word_1_181' title='bbox 597 3206 832 3282; x_wconf 80' lang='lat' dir='ltr'>remuneraret,</span> <span class='ocrx_word' id='word_1_182' title='bbox 843 3237 883 3250; x_wconf 85' lang='lat'><em>-</em></span> <span class='ocrx_word' id='word_1_183' title='bbox 894 3203 920 3263; x_wconf 90' lang='lat' dir='ltr'>si</span> <span class='ocrx_word' id='word_1_184' title='bbox 932 3202 1068 3265; x_wconf 80' lang='lat' dir='ltr'>sineret!</span> 
     </span>
     <span class='ocr_line' id='line_1_28' title="bbox 228 3302 1053 3393; baseline -0.016 -14"><span class='ocrx_word' id='word_1_185' title='bbox 228 3316 311 3393; x_wconf 83' lang='lat' dir='ltr'>Quid</span> <span class='ocrx_word' id='word_1_186' title='bbox 323 3311 408 3375; x_wconf 86' lang='lat' dir='ltr'>enim</span> <span class='ocrx_word' id='word_1_187' title='bbox 421 3309 515 3373; x_wconf 92' lang='lat' dir='ltr'>oculo</span> <span class='ocrx_word' id='word_1_188' title='bbox 529 3304 654 3368; x_wconf 82' lang='lat' dir='ltr'>carius?</span> <span class='ocrx_word' id='word_1_189' title='bbox 667 3338 707 3348; x_wconf 88' lang='lat'>—-</span> <span class='ocrx_word' id='word_1_190' title='bbox 718 3303 800 3376; x_wconf 92' lang='lat' dir='ltr'>Quid</span> <span class='ocrx_word' id='word_1_191' title='bbox 812 3304 914 3365; x_wconf 88' lang='lat' dir='ltr'>salute</span> <span class='ocrx_word' id='word_1_192' title='bbox 925 3302 1053 3366; x_wconf 86' lang='lat' dir='ltr'>utilius?</span> 
     </span>
    </p>
   </div>
   <div class='ocr_carea' id='block_1_6' title="bbox 229 3404 1343 4230">
    <p class='ocr_par' dir='ltr' id='par_1_12' title="bbox 229 3404 1343 3585">
     <span class='ocr_line' id='line_1_29' title="bbox 229 3404 1343 3498; baseline -0.019 -14"><span class='ocrx_word' id='word_1_193' title='bbox 229 3420 310 3498; x_wconf 92' lang='lat' dir='ltr'>Quid</span> <span class='ocrx_word' id='word_1_194' title='bbox 320 3417 384 3480; x_wconf 90' lang='lat' dir='ltr'>vita</span> <span class='ocrx_word' id='word_1_195' title='bbox 397 3408 571 3491; x_wconf 83' lang='lat' dir='ltr'>comparari</span> <span class='ocrx_word' id='word_1_196' title='bbox 586 3409 689 3487; x_wconf 90' lang='lat' dir='ltr'>potest</span> <span class='ocrx_word' id='word_1_197' title='bbox 700 3404 867 3486; x_wconf 91' lang='lat' dir='ltr'>pretiosius</span> <span class='ocrx_word' id='word_1_198' title='bbox 879 3454 887 3487; x_wconf 83' lang='lat'><strong>‚</strong></span> <span class='ocrx_word' id='word_1_199' title='bbox 900 3441 939 3452; x_wconf 88' lang='lat'>-</span> <span class='ocrx_word' id='word_1_200' title='bbox 949 3407 999 3470; x_wconf 84' lang='lat' dir='ltr'>vel</span> <span class='ocrx_word' id='word_1_201' title='bbox 1010 3406 1088 3487; x_wconf 93' lang='lat' dir='ltr'>quid</span> <span class='ocrx_word' id='word_1_202' title='bbox 1101 3408 1209 3471; x_wconf 86' lang='lat' dir='ltr'>haberi</span> <span class='ocrx_word' id='word_1_203' title='bbox 1219 3414 1343 3492; x_wconf 87' lang='lat' dir='ltr'>pulcri.</span> 
     </span>
     <span class='ocr_line' id='line_1_30' title="bbox 271 3508 747 3585; baseline -0.029 1"><span class='ocrx_word' id='word_1_204' title='bbox 271 3521 382 3585; x_wconf 92' lang='lat' dir='ltr'>tudine</span> <span class='ocrx_word' id='word_1_205' title='bbox 395 3514 593 3580; x_wconf 89' lang='lat' dir='ltr'>desideratur</span> <span class='ocrx_word' id='word_1_206' title='bbox 607 3508 747 3573; x_wconf 83' lang='lat' dir='ltr'>avidius?</span> 
     </span>
    </p>

    <p class='ocr_par' dir='ltr' id='par_1_13' title="bbox 229 3613 1337 3803">
     <span class='ocr_line' id='line_1_31' title="bbox 229 3613 1337 3706; baseline -0.01 -11"><span class='ocrx_word' id='word_1_207' title='bbox 229 3624 385 3706; x_wconf 89' lang='lat' dir='ltr'>Numquid</span> <span class='ocrx_word' id='word_1_208' title='bbox 399 3620 483 3684; x_wconf 92' lang='lat' dir='ltr'>enim</span> <span class='ocrx_word' id='word_1_209' title='bbox 496 3635 561 3679; x_wconf 94' lang='lat' dir='ltr'>non</span> <span class='ocrx_word' id='word_1_210' title='bbox 574 3613 710 3677; x_wconf 88' lang='lat' dir='ltr'>dedisset</span> <span class='ocrx_word' id='word_1_211' title='bbox 722 3630 779 3693; x_wconf 94' lang='lat' dir='ltr'>pro</span> <span class='ocrx_word' id='word_1_212' title='bbox 790 3613 855 3678; x_wconf 88' lang='lat' dir='ltr'>vita</span> <span class='ocrx_word' id='word_1_213' title='bbox 867 3631 924 3676; x_wconf 89' lang='lat' dir='ltr'>sua</span> <span class='ocrx_word' id='word_1_214' title='bbox 938 3616 1026 3696; x_wconf 87' lang='lat' dir='ltr'>regni</span> <span class='ocrx_word' id='word_1_215' title='bbox 1037 3618 1213 3699; x_wconf 83' lang='lat' dir='ltr'>dimidium,</span> <span class='ocrx_word' id='word_1_216' title='bbox 1222 3621 1337 3704; x_wconf 73' lang='lat' dir='ltr'>-qui‚</span> 
     </span>
     <span class='ocr_line' id='line_1_32' title="bbox 269 3717 827 3803; baseline -0.029 -8"><span class='ocrx_word' id='word_1_217' title='bbox 269 3732 295 3796; x_wconf 91' lang='lat' dir='ltr'>si</span> <span class='ocrx_word' id='word_1_218' title='bbox 313 3724 493 3803; x_wconf 82' lang='lat' dir='ltr'>moriretur,</span> <span class='ocrx_word' id='word_1_219' title='bbox 507 3717 694 3801; x_wconf 86' lang='lat' dir='ltr'>perdidisset</span> <span class='ocrx_word' id='word_1_220' title='bbox 706 3719 827 3779; x_wconf 84' lang='lat' dir='ltr'>totum?</span> 
     </span>
    </p>

    <p class='ocr_par' dir='ltr' id='par_1_14' title="bbox 229 3813 1339 4028">
     <span class='ocr_line' id='line_1_33' title="bbox 229 3813 1339 3913; baseline -0.005 -9"><span class='ocrx_word' id='word_1_221' title='bbox 229 3839 289 3905; x_wconf 88' lang='lat' dir='ltr'>sed</span> <span class='ocrx_word' id='word_1_222' title='bbox 302 3837 460 3898; x_wconf 88' lang='lat' dir='ltr'>humanae</span> <span class='ocrx_word' id='word_1_223' title='bbox 472 3824 576 3889; x_wconf 89' lang='lat' dir='ltr'>laudis</span> <span class='ocrx_word' id='word_1_224' title='bbox 584 3859 624 3869; x_wconf 92' lang='grc'>-</span> <span class='ocrx_word' id='word_1_225' title='bbox 633 3825 665 3884; x_wconf 93' lang='lat' dir='ltr'>et</span> <span class='ocrx_word' id='word_1_226' title='bbox 673 3813 854 3884; x_wconf 88' lang='lat' dir='ltr'>mundanae</span> <span class='ocrx_word' id='word_1_227' title='bbox 862 3823 1076 3890; x_wconf 85' lang='lat' dir='ltr'>retributionis</span> <span class='ocrx_word' id='word_1_228' title='bbox 1086 3864 1126 3874; x_wconf 87' lang='lat'><strong>—</strong></span> <span class='ocrx_word' id='word_1_229' title='bbox 1135 3835 1339 3913; x_wconf 85' lang='lat' dir='ltr'>contemptor</span> 
     </span>
     <span class='ocr_line' id='line_1_34' title="bbox 270 3929 983 4028; baseline -0.022 -19"><span class='ocrx_word' id='word_1_230' title='bbox 270 3943 368 4028; x_wconf 88' lang='lat' dir='ltr'>gratis</span> <span class='ocrx_word' id='word_1_231' title='bbox 382 3941 458 4003; x_wconf 82' lang='lat' dir='ltr'>dare·</span> <span class='ocrx_word' id='word_1_232' title='bbox 468 3932 580 3998; x_wconf 87' lang='lat' dir='ltr'>maluit</span> <span class='ocrx_word' id='word_1_233' title='bbox 593 3930 730 4010; x_wconf 80' lang='lat' dir='ltr'>-quod</span> <span class='ocrx_word' id='word_1_234' title='bbox 744 3929 841 4008; x_wconf 90' lang='lat' dir='ltr'>gratis</span> <span class='ocrx_word' id='word_1_235' title='bbox 853 3933 983 4012; x_wconf 90' lang='lat' dir='ltr'>accepit.</span> 
     </span>
    </p>

    <p class='ocr_par' dir='ltr' id='par_1_15' title="bbox 230 4035 1340 4230">
     <span class='ocr_line' id='line_1_35' title="bbox 230 4035 1340 4133; baseline -0.019 -16"><span class='ocrx_word' id='word_1_236' title='bbox 230 4058 330 4133; x_wconf 80' lang='lat' dir='ltr'>Atque</span> <span class='ocrx_word' id='word_1_237' title='bbox 343 4047 401 4128; x_wconf 76' lang='lat' dir='ltr'>vir,</span> <span class='ocrx_word' id='word_1_238' title='bbox 418 4057 553 4122; x_wconf 89' lang='lat' dir='ltr'>magnae</span> <span class='ocrx_word' id='word_1_239' title='bbox 566 4035 751 4101; x_wconf 89' lang='lat' dir='ltr'>humilitatis</span> <span class='ocrx_word' id='word_1_240' title='bbox 773 4035 951 4117; x_wconf 85' lang='lat' dir='ltr'>studiosus,</span> <span class='ocrx_word' id='word_1_241' title='bbox 970 4072 1011 4085; x_wconf 91' lang='lat'><em>-</em></span> <span class='ocrx_word' id='word_1_242' title='bbox 1024 4057 1096 4102; x_wconf 86' lang='lat' dir='ltr'>cum</span> <span class='ocrx_word' id='word_1_243' title='bbox 1114 4043 1184 4121; x_wconf 86' lang='lat' dir='ltr'>plus</span> <span class='ocrx_word' id='word_1_244' title='bbox 1202 4049 1340 4112; x_wconf 70' lang='lat' dir='ltr'>curabat</span> 
     </span>
     <span class='ocr_line' id='line_1_36' title="bbox 268 4133 1067 4230; baseline -0.021 -11"><span class='ocrx_word' id='word_1_245' title='bbox 268 4173 309 4220; x_wconf 88' lang='lat' dir='ltr'>ne</span> <span class='ocrx_word' id='word_1_246' title='bbox 320 4150 403 4230; x_wconf 87' lang='lat' dir='ltr'>regis</span> <span class='ocrx_word' id='word_1_247' title='bbox 416 4148 499 4210; x_wconf 86' lang='lat' dir='ltr'>essct</span> <span class='ocrx_word' id='word_1_248' title='bbox 508 4133 679 4220; x_wconf 65' lang='lat' dir='ltr'>univocuS,</span> <span class='ocrx_word' id='word_1_249' title='bbox 693 4176 733 4185; x_wconf 84' lang='lat'>—</span> <span class='ocrx_word' id='word_1_250' title='bbox 747 4138 791 4201; x_wconf 88' lang='lat' dir='ltr'>ait</span> <span class='ocrx_word' id='word_1_251' title='bbox 801 4139 841 4201; x_wconf 89' lang='lat' dir='ltr'>ad</span> <span class='ocrx_word' id='word_1_252' title='bbox 855 4157 928 4201; x_wconf 94' lang='lat' dir='ltr'>eum</span> <span class='ocrx_word' id='word_1_253' title='bbox 941 4139 1067 4203; x_wconf 83' lang='lat' dir='ltr'>dicens:</span> 
     </span>
    </p>
   </div>
   <div class='ocr_carea' id='block_1_7' title="bbox 0 0 1468 4952">
    <p class='ocr_par' dir='ltr' id='par_1_16' title="bbox 0 0 1468 4952">
     <span class='ocr_line' id='line_1_37' title="bbox 0 0 1468 4952; baseline 0 2"><span class='ocrx_word' id='word_1_254' title='bbox 0 0 1468 4952; x_wconf 95' lang='lat' dir='ltr'> </span> 
     </span>
    </p>
   </div>
  </div>
 </body>
</html>
