2892 4940
737 487 900 544 -ral-

403 613 483 688 Ergo
495 629 551 672 cor
569 630 726 691 apponere
739 617 840 696 magis
854 635 919 680 non
934 616 1053 680 debetis

401 714 433 777 in
447 717 615 781 mundanis
629 720 741 800 opibus
753 741 833 802 quas
846 741 903 786 vos
915 723 1081 802 possidetis
1096 749 1104 804 3

401 827 516 885 cuncta
530 826 711 889 transitoria
725 833 801 891 sunt
813 848 896 910 quae
910 847 966 892 vos
979 828 1092 892 videtis
1107 854 1115 909 3

401 929 542 1007 quaerite
556 933 822 1013 psalmusgralum
834 937 875 1012 (1)
890 939 922 997 et
936 935 1112 998 invenietis.

402 1088 463 1150 Viri
478 1092 687 1173 venerabiles,
702 1095 874 1156 servientes
888 1113 981 1175 arae,

402 1196 491 1259 vobis
504 1198 635 1260 mandat
646 1201 796 1262 Dominus
807 1201 930 1280 plebem
943 1201 1118 1280 castigare,

401 1303 571 1366 informare
583 1305 742 1384 moribus,
758 1307 790 1369 iu
803 1325 857 1386 spe
871 1306 1014 1371 radicare
1027 1308 1089 1387 (2),

402 1417 438 1472 ut
451 1414 484 1471 et
497 1429 554 1473 vos
566 1429 639 1472 cum
653 1415 769 1492 populo
783 1413 883 1492 possit
896 1416 1049 1476 laureare.

403 1570 496 1633 Vobis
510 1588 586 1649 ergo
600 1571 752 1650 praecipit
766 1572 912 1635 conditor
926 1575 1087 1636 coelorum

403 1680 439 1737 ut
451 1694 508 1739 vos
518 1677 585 1738 sitis
599 1677 735 1757 qualiter
747 1683 791 1755 (3)
805 1679 859 1741 filii
871 1683 1031 1759 justorum

403 1787 435 1844 et
446 1783 610 1846 columbae
624 1783 780 1864 simplices
794 1785 835 1847 ad
849 1787 1010 1866 exemplar
1023 1803 1167 1865 morum,

402 1890 428 1951 si
443 1893 606 1952 consortes
620 1891 687 1952 fieri
700 1891 795 1953 vultis
810 1894 1017 1970 angelorum(
1040 1891 1060 1968 ).

402 2053 463 2110 Vos
476 2049 530 2128 qui
544 2049 639 2111 vultis
652 2050 769 2127 populo
783 2050 906 2112 Domini
920 2051 1086 2131 prodesse,

402 2155 498 2216 immo
511 2153 606 2215 vultis
620 2153 725 2232 potius
738 2156 855 2232 populo
867 2155 1017 2233 prodesse
1030 2157 1063 2230 (l.
1077 2158 1251 2236 praeesse),

402 2262 471 2339 ejus
485 2277 594 2322 euram
606 2276 701 2338 agere
715 2261 807 2322 decet
817 2259 990 2340 indefesse,

402 2363 469 2442 pios
480 2413 487 2444 ,
500 2367 621 2446 largos,
635 2365 788 2446 humiles,
805 2365 934 2446 dignos,
946 2367 1050 2443 justos
1063 2383 1142 2428 esse.

402 2524 561 2588 Sacerdoti
576 2523 724 2586 convenit
736 2524 838 2602 legem
852 2542 975 2586 sacram
989 2524 1090 2607 scire,

401 2632 524 2710 plebem
536 2630 618 2710 vita,
634 2629 791 2711 moribus,
808 2630 910 2694 verbis
924 2631 1069 2711 erudire,

402 2755 442 2798 ne
454 2738 488 2811 (l.
502 2737 564 2817 ut),
579 2735 708 2798 tandem
723 2753 795 2799 cum
809 2736 932 2800 venerit
942 2736 995 2798 illa
1008 2737 1075 2798 dies
1086 2737 1166 2818 irae,

401 2843 484 2922 piam
498 2860 608 2906 vocem
621 2841 743 2903 Domini
755 2841 913 2922 possimus
924 2841 1046 2905 audire.

401 3003 560 3066 Benedicti
574 3002 645 3083 filii,
660 3019 795 3082 regnum
806 3003 979 3084 possidete,

401 3111 487 3191 quod
498 3108 589 3171 uobis
602 3113 747 3188 paratum
760 3109 889 3171 estsine
902 3112 990 3170 metu
1003 3113 1107 3171 metae
1120 3135 1127 3189 3

400 3216 481 3279 sacri
495 3231 552 3276 vos
563 3213 757 3294 Presbyteri,
773 3214 875 3275 sancti
889 3231 946 3277 vos
961 3216 1154 3293 Prophetae,

400 3318 557 3383 benedicti
571 3318 644 3398 filii,
660 3335 784 3381 meeum
799 3319 998 3398 congaudete
1013 3319 1019 3379 t

291 3591 321 3646 (1)
337 3589 354 3632 ll
367 3588 414 3632 laul
425 3587 466 3630 lire
478 3597 530 3629 saus
541 3585 607 3630 doute
615 3583 803 3642 psalmoprusum
839 3585 936 3629 Wallber
954 3588 976 3630 ni
991 3587 1046 3630 dnus
1059 3587 1139 3642 llopp;
1158 3588 1178 3630 le
1193 3587 1297 3642 rhythmo
1312 3589 1375 3644 exige

264 3665 293 3696 ou
305 3648 506 3707 psalmiprafum
520 3647 591 3690 David
606 3648 666 3704 parle
678 3648 803 3692 centinuel·
840 3660 869 3691 un
890 3653 935 3691 mol
950 3649 977 3693 de
991 3650 1044 3692 trois
1062 3649 1170 3704 syllabes‚
1194 3655 1216 3692 cl
1238 3648 1258 3693 la
1276 3649 1339 3704 lecon
1355 3651 1374 3694 la

265 3714 346 3757 lemeul
357 3711 412 3754 dans
422 3722 457 3754 ses
467 3721 570 3766 psaumes
581 3712 609 3753 du
622 3713 689 3755 ridant
700 3711 739 3755 des
752 3711 804 3754 cho·
838 3709 887 3765 plus
906 3710 1009 3765 probable
1033 3721 1088 3754 nous
1101 3709 1184 3754 semble
1202 3715 1250 3754 dhe
1270 3711 1376 3767 qualiter

264 3785 300 3818 ses
310 3773 337 3818 de
347 3773 367 3816 la
380 3777 445 3814 terre.
838 3783 865 3815 ou
877 3770 991 3828 quilibet,
1004 3784 1090 3816 comme
1101 3771 1157 3816 daus
1167 3773 1256 3816 Flaclus
1268 3785 1274 3816 :

291 3859 319 3913 (a)
334 3858 392 3900 Pour
403 3855 522 3900 radicari.
534 3857 551 3900 ll
561 3870 575 3912 y
586 3869 598 3900 a
613 3858 668 3900 dans
681 3855 769 3899 Flacius
782 3868 788 3898 :
904 3857 924 3885 ¹¹⁸
933 3861 965 3885 νοῦ
974 3853 1014 3886 ⁸¹³⁵
1024 3853 1100 3893 qunruet
1109 3853 1261 3892 ⁸⁰⁰³³J¹¹⁸t⁰fflffi

332 3930 352 3960 ln
362 3929 442 3969 fervore,
452 3923 533 3962 moribus
544 3934 562 3961 et
570 3939 602 3969 spa
612 3930 698 3960 radicare.
866 3936 895 3991 (ἦ)
907 3935 942 3980 ου
953 3935 976 3978 lit
985 3934 1071 3980 ensuite
1079 3934 1134 3978 dans
1146 3935 1234 3980 placius
1245 3949 1251 3979 3

266 3987 295 4031 ιθ
309 3987 397 4044 ΒιΓοΡῘῙθ
412 3985 459 4031 finit
470 3999 510 4043 par
520 3985 647 4030 luminare·
882 4017 928 4055 Vos,
938 4018 959 4048 ut
968 4017 995 4048 alt
1003 4015 1101 4056 Dominus,
1112 4017 1184 4049 lumbos
1193 4018 1308 4060 accingetis,

291 4074 320 4127 (ὅ)
335 4073 351 4116 ll
364 4086 378 4129 y
393 4086 405 4116 a
420 4073 440 4117 la
456 4085 485 4117 un
501 4074 563 4128 signe
579 4073 737 4116 d'abreviatiou
749 4072 803 4116 deul
882 4059 1316 4146 22²2}fgssefflfflgffiffi,ffifflfl'

266 4145 321 4176 nous
340 4133 431 4177 n’avons
452 4135 530 4178 trouve
549 4133 695 4190 l’cxplioatien
712 4135 733 4178 ni
748 4135 803 4178 dans
883 4153 902 4180 n
913 4139 1091 4188 axomprnmpnpun
1102 4149 1168 4181 renum
1178 4150 1288 4188 irruemus,
