2892 4940
533 477 572 486 -
586 449 641 503 103
655 479 695 486 -

146 582 201 644 pro
215 566 313 628 abusu
327 569 495 630 catamitae
505 569 546 648 (1)
558 569 671 632 mulier
683 569 721 631 m
731 587 841 633 vacua.

146 692 274 772 Lapides
286 699 361 758 sunt
374 694 406 758 in
418 697 529 775 plateis
543 696 641 776 sparsi
655 699 846 780 sanctuarii,

148 797 215 860 auri
229 800 316 862 color
327 803 375 862 est
387 804 529 864 mutatus
539 828 548 882 3
560 803 694 865 marcuit
707 805 765 866 llos
778 804 832 866 lilii
846 853 853 884 ,

148 905 255 982 etjam
266 902 324 966 viri
338 903 472 966 curiales
485 905 559 968 facti
573 910 647 968 sunt
661 907 797 969 feminei.

147 1027 331 1110 viduarum,
348 1031 562 1110 orphanorum
575 1034 661 1095 nulla
675 1036 723 1096 est
736 1033 878 1098 defensio
891 1059 899 1113 3

146 1133 366 1196 venundantur
380 1139 412 1195 et
425 1141 583 1218 emuntur,
599 1138 656 1199 sed
667 1141 699 1200 et
712 1137 766 1202 vili
779 1139 881 1217 pretio
893 1165 902 1218 3

144 1236 244 1299 omnis
258 1237 337 1300 ordo
355 1239 541 1302 clericorum
554 1244 603 1304 est
614 1243 733 1321 absque
746 1242 913 1321 praesidi0.

144 1368 243 1444 Reges
257 1365 342 1428 enim
356 1368 439 1428 serta
454 1368 577 1450 ierunt,
592 1368 723 1447 pulchra
736 1369 853 1448 compti
867 1387 1006 1449 purpura
1018 1396 1027 1450 3
1085 1341 1093 1349 '

143 1470 198 1531 sed
212 1487 337 1534 servare
348 1471 401 1532 Dei
412 1474 502 1550 jussa
516 1474 629 1534 nolunt
643 1473 866 1553 saluberrima,

144 1591 201 1637 nec
214 1577 373 1655 subjectos
387 1577 446 1639 sibi
459 1580 575 1658 regunt
588 1595 707 1656 aequae
720 1577 799 1657 legis
813 1580 934 1656 regula.

142 1707 219 1770 Celsi
232 1709 347 1790 duces,
362 1709 515 1772 saeculari
528 1707 647 1770 detenti
662 1709 845 1788 dulcedine,

143 1811 392 1891 parvi-pendunt
405 1829 514 1890 regem
525 1811 682 1874 Christum
695 1813 791 1892 sequi¹
799 1816 886 1876 recto
901 1813 1026 1876 tramite
1039 1840 1046 1892 3

144 1916 214 1979 binc
227 1917 418 1977 moerebunt
431 1915 508 1976 dum
522 1915 686 1976 tormentis
699 1917 894 1994 vapulabunt
905 1915 938 1980 in
950 1919 1055 1998 Styge.

143 2035 189 2098 Sic
199 2038 335 2116 vulgus,
351 2036 395 2099 sic
409 2037 574 2118 sacerd0S,
590 2038 635 2099 sic
648 2041 681 2098 et
694 2038 775 2100 sacri
788 2040 965 2118 praesules,
1028 2107 1030 2110 ,

145 2153 183 2199 ex
195 2139 322 2202 diverso
338 2140 447 2202 dicum
459 2141 546 2220 leges
560 2143 670 2202 centra
685 2141 738 2202 Dei
753 2158 927 2221 pauperem

144 2243 177 2308 in
189 2246 332 2326 occulte,
347 2247 434 2308 velut
448 2245 551 2326 fureS,
567 2263 679 2307 causas
693 2247 794 2324 agunt
806 2245 974 2325 principes.

146 2374 225 2436 Perit
237 2376 291 2437 lex
305 2392 322 2435 a
337 2374 502 2436 sacerdote
515 2377 547 2435 et
561 2374 600 2434 ab
614 2374 700 2435 omni
715 2374 855 2453 principe
870 2399 877 2454 3

145 2483 253 2544 curvat
264 2479 385 2557 virgam
399 2477 567 2559 aequitatis
580 2479 704 2559 pondus
718 2477 911 2559 injustitiae,

143 2589 214 2666 jura
227 2589 316 2650 tenet
328 2585 533 2666 magistratus
546 2585 639 2646 dolus
652 2602 725 2647 cum
740 2583 898 2664 cupidine.

147 2714 299 2778 Praesulis
313 2717 420 2793 aperta
434 2728 549 2775 manus
563 2728 686 2790 semper
699 2715 748 2773 est
761 2711 802 2772 ad
813 2727 965 2790 munera,

147 2818 252 2899 siquis
265 2819 352 2881 illam
365 2815 550 2896 aggravabit
563 2815 632 2877 auri
647 2815 719 2876 llavi
733 2815 889 2894 massula,

148 2924 199 2986 fiet
207 2927 316 3004 justus
328 2948 336 3002 3
352 2919 548 3000 criminatus,
563 2919 618 2981 iret
631 2918 751 2996 absque
765 2917 899 2978 macula.

149 3063 271 3123 Ducunt
286 3075 398 3138 greges
411 3075 467 3136 per
482 3056 609 3117 dumeta
623 3058 763 3118 rectores
774 3055 951 3136 Ecclesiae,

149 3160 336 3243 impinguari
350 3179 383 3222 se
396 3161 555 3222 delectant
568 3158 694 3220 illomm
708 3157 901 3238 pinguedine
914 3185 921 3240 3

151 3273 234 3350 qued
248 3275 297 3334 est
310 3273 445 3333 fractum
459 3287 524 3331 nun
536 3267 716 3347 medentur,
732 3267 885 3347 spernunt
896 3284 993 3348 pecus
1007 3265 1120 3329 debile.

153 3409 256 3468 Vestes
267 3410 426 3484 quaerunt
439 3405 611 3486 pretiosae,
633 3407 800 3466 assumunt
812 3401 953 3464 multicia
967 3405 1031 3482 (2),

154 3523 192 3566 ne
204 3507 330 3571 illorum
343 3509 466 3585 plantas
480 3510 592 3585 tangat
604 3505 655 3569 via
670 3522 781 3583 parum
795 3504 941 3583 humida,

88 3718 140 3764 miae
151 3723 250 3776 crimen,
265 3723 380 3782 Leipsiek,
403 3727 467 3776 1161,
488 3723 566 3774 iri-lo,
586 3727 609 3766 et
643 3719 749 3764 musceta
772 3719 816 3764 der
838 3720 1030 3778 Hebemtaesen,
1054 3726 1070 3766 t.
1089 3723 1137 3778 vl,
1161 3737 1182 3781 p.

90 3777 134 3824 daus
142 3783 231 3829 l'e'dition
239 3786 344 3831 d'Alanus
354 3785 437 3830 donnes
447 3796 487 3840 par
495 3785 522 3827 de
531 3784 609 3839 Viseb‚
644 3787 691 3828 561.

91 3850 107 3891 l·
117 3847 218 3901 119-516ς
232 3847 296 3891 Fare.
309 3847 379 3901 Wolf,
400 3846 472 3890 Uaber
489 3845 527 3888 die
540 3845 607 3896 Lala,
671 3853 699 3908 (l)
714 3851 732 3894 ll
746 3849 1110 3899 166166666661611166616666.

92 3909 169 3974 ¹³·.⁴³³³
189 3909 268 3953 raum
285 3910 361 3964 raris,
379 3907 520 3978 nomentum
536 3907 613 3978 treas,
674 3921 703 3978 (a)
718 3922 753 3966 en
764 3919 783 3964 u
799 3925 878 3964 conve
895 3921 944 3975 raa
955 3922 1064 3977 prusiam
1075 3923 1117 3968 rurs
1130 3925 1185 3969 uana

93 3971 141 4016 ‘⁰²⁸’
156 3981 175 4024 1)·
185 3975 237 4025 ¹0⁸3
249 3969 506 4026 Ghlml⁰¹¹¹⁰¹¹·l‘¹ll⁸³⁰r
519 3966 613 4040 ΜΨ*
649 3983 758 4037 lucenam
773 3981 829 4026 ainsi
842 3991 885 4028 sat.
896 3995 924 4036 n,
940 3995 962 4027 r.
975 3990 1019 4030 66:

93 4032 162 4071 versus
170 4035 190 4074 et
199 4029 265 4084 ludi,
279 4045 300 4087 p.
311 4039 346 4083 16,
359 4037 385 4077 66
397 4036 419 4075 et
428 4035 469 4085 213
485 4029 515 4073 les
525 4027 614 4072 Assem
913 4055 948 4088 s„
959 4057 1003 4098 qum

94 4083 117 4128 a?
129 4089 266 4143 &riualem
283 4094 373 4148 passim,
397 4099 419 4137 ei
441 4095 547 4142 Rdumel',
564 4089 612 4133 Ge·
693 4100 1111 4140 Nonlaclcmalii.cumtumultlclasumul
