2926 4952
572 489 714 543 „15”

245 610 305 672 t'iri
319 609 533 691 dilectissimi,
548 611 730 674 sacerdotes
744 611 815 694 uei,

203 732 375 794 praecones
388 715 532 778 altissimi
545 717 579 778 et
592 716 742 779 lucernae
754 717 824 798 liei,

202 816 345 880 Corimtis
355 817 453 882 radiis
466 820 626 898 fulgentes
638 823 672 882 et
685 820 767 902 spei,

201 923 329 986 auribus
342 923 493 1004 percipite
511 925 607 986 verbu
620 923 685 988 oris
697 923 770 988 mei.

240 1049 302 1107 Vos
315 1044 449 1110 nuncin
463 1046 597 1110 ecclesia
611 1050 675 1109 lieo
688 1045 870 1126 deservitis,

201 1167 281 1230 quos
293 1151 421 1214 vocavit
431 1152 578 1232 palmites
592 1152 735 1216 Christus
748 1169 842 1218 verse
855 1151 945 1233 tntis,

201 1259 315 1319 Cavete
328 1274 369 1319 ne
383 1257 505 1319 steriles
517 1275 578 1320 nec
592 1256 678 1320 avari
693 1257 780 1339 sitis,

201 1361 228 1424 si
242 1379 298 1424 vos
312 1359 424 1424 Christi
439 1361 545 1442 stipite
559 1363 663 1426 vivere
677 1359 795 1426 velitis!

241 1483 303 1544 Vos
316 1481 390 1543 estis
403 1482 436 1543 in
451 1481 532 1545 atrio
546 1483 643 1546 boves
652 1488 697 1558 (1)
711 1483 890 1567 titulantes,

203 1585 374 1664 prudenter
387 1604 406 1647 a
419 1583 518 1666 paleis
533 1603 632 1666 grane
647 1590 847 1669 separantes,

203 1691 264 1750 Vos
277 1689 339 1752 hoc
352 1689 384 1752 in
397 1691 526 1770 speculo
540 1691 642 1770 legem
654 1691 708 1754 vix
722 1695 882 1774 amentes,

203 1789 287 1855 beati
301 1793 354 1874 qui
370 1811 437 1856 non
451 1795 578 1874 fragiles
592 1797 668 1856 sunt
680 1812 741 1858 nec
753 1795 948 1876 ignorantes.

243 1903 403 1984 Quidquid
414 1904 521 1968 vident
533 1906 604 1969 laici
619 1906 707 1970 vobis
720 1905 883 1987 displicere

204 2006 341 2070 eredunt
353 2008 422 2070 sine
433 2009 529 2072 dubio
543 2009 601 2072 sibi
615 2028 680 2074 non
693 2009 805 2090 licere,

166 2168 174 2178 .
203 2117 241 2176 nt
251 2113 407 2194 quidquid
419 2114 529 2177 vident
541 2131 598 2178 vos
612 2133 685 2177 cum
697 2133 795 2195 opere
808 2115 937 2196 implere

204 2215 339 2282 credunt
353 2236 422 2280 esse
435 2216 558 2281 licitum
574 2219 606 2280 et
619 2220 711 2298 culpa
726 2237 843 2283 carere.

244 2332 425 2396 Secundum
437 2332 648 2412 apostolicum
660 2336 704 2408 (2)
717 2333 824 2396 omnia
837 2337 969 2414 promte

205 2438 237 2497 et
250 2437 337 2516 quod
349 2438 468 2500 bonum
483 2437 578 2500 suerit
591 2438 670 2502 illud
682 2441 872 2521 approbate3

205 2546 282 2606 Date
295 2545 378 2608 bona
391 2543 561 2624 proximis,
576 2544 646 2608 illos
658 2547 691 2606 et
705 2549 827 2627 amoteg

204 2664 278 2709 cum
293 2646 419 2728 cepistis
432 2646 565 2726 gratiam
578 2695 586 2728 ‚
601 2651 633 2710 et
645 2666 703 2712 vos
715 2649 815 2728 gratis
829 2650 912 2713 date.

244 2765 353 2824 dstote
365 2760 506 2842 pacifici,
521 2761 634 2841 sobrii,
648 2761 837 2840 prudentes,

204 2864 302 2944 casti,
316 2864 375 2946 pii,
390 2863 564 2945 simplices,
576 2863 670 2944 jusu,
691 2864 862 2944 patientes,
893 2863 895 2872 “

204 2967 397 3050 Hospiteles,
411 2967 565 3048 humiles,
580 2965 724 3030 subditos
736 2969 904 3047 docentes,

205 3074 407 3135 consolantes
421 3069 568 3151 miseros,
583 3087 697 3149 pravos
711 3069 916 3149 corrigentes.

247 3185 318 3250 Sitis
330 3183 532 3266 praviloquii,
547 3201 587 3245 ne
599 3200 657 3247 vos
670 3183 845 3246 adrentum

206 3290 313 3351 trehet
321 3287 556 3370 multiloquium
569 3290 601 3349 et
613 3287 746 3351 verbnm
757 3287 948 3368 exaltetum3

205 3393 342 3454 Verbum
354 3391 441 3472 qnod
453 3389 627 3471 proponitis
641 3389 682 3450 sit
695 3391 889 3454 abreviatum
904 3419 911 3452 ι

207 3514 283 3558 nam
296 3496 329 3558 in
339 3494 538 3574 multiloquio
552 3511 617 3556 non
632 3491 720 3556 deest
733 3499 908 3574 peccatum.

247 3622 356 3681 Vestra
370 3614 567 3682 conversatio
581 3614 622 3676 sit
633 3614 796 3694 religiosa,

208 3724 328 3788 munda
343 3717 552 3799 conscientia⁷
568 3718 631 3782 vite
646 3721 827 3800 fructuose,

114 3941 139 3996 lt)
156 3935 268 3982 recolere
283 3933 366 3990 signide
377 3932 405 3976 ici
416 3941 469 3974 suos
483 3930 549 3976 doute
565 3943 627 3976 rem-
663 3944 719 3988 pour
735 3931 807 3976 butue
819 3931 838 3976 lc
849 3931 896 3987 blc'3
912 3933 968 3977 dous
985 3933 1093 3990 quelques
1107 3935 1203 3980 endroits

92 4001 129 4055 plir
141 4012 188 4046 orte
202 3995 315 4050 fonction,
329 4007 358 4040 en
371 3993 434 4038 avoir
448 3993 468 4036 le
481 3991 539 4036 ls'lrc
553 3997 575 4038 ot
588 4005 628 4050 pm
663 4006 691 4038 on
702 3993 742 4038 luit
751 4005 832 4038 encore
841 3993 909 4038 lonler
917 3993 949 4038 les
959 3995 1038 4050 gethes
1045 4007 1097 4040 sous
1103 3997 1135 4040 les
1142 3997 1203 4052 pleds

93 4063 144 4107 suits
165 4063 187 4106 lo
202 4059 299 4114 chorge3
317 4068 386 4113 rope:
403 4055 433 4099 du
448 4053 535 4109 muge,
551 4060 568 4098 t.
583 4055 629 4105 Vl,
664 4056 703 4099 des
714 4055 823 4099 chevoni.

96 4135 112 4178 p.
123 4129 171 4178 497,
186 4123 229 4166 col.
239 4125 260 4164 2
277 4117 293 4162 ll
307 4118 388 4166 semble
398 4116 492 4162 resultes
503 4115 531 4160 de
542 4115 563 4160 lo
573 4116 630 4172 iisne
692 4125 719 4182 is)
730 4126 894 4170 sous-cutendu
904 4126 1036 4172 corduenos
1044 4127 1188 4174 nandulum.

95 4185 191 4229 solvente
200 4195 245 4238 qne
258 4181 299 4226 l’on
314 4193 336 4224 se
352 4180 418 4224 seruit
434 4178 494 4222 servi
507 4178 546 4222 des
560 4177 630 4222 breuis
