2914 4944
737 442 897 500 ...408-

398 567 500 631 laetus
513 571 545 630 et
558 568 717 631 admirans
731 567 774 631 ad
786 585 844 631 sua
857 567 991 649 quisque
1006 566 1098 630 redit,

359 677 480 738 Taurus
494 693 567 738 eum
579 677 649 740 solo
659 677 746 740 solus
759 677 953 739 Maebomete
965 673 1128 753 remansit3

401 785 434 844 at
447 783 625 847 Maobomes
637 782 725 846 illum
738 782 852 846 elausit
862 786 899 846 ut
912 786 985 845 ante
998 784 1075 862 suit,

360 893 398 954 m
410 892 559 970 pascebat
571 907 645 953 aum
657 890 733 953 dum
745 889 826 953 vixit
837 892 875 952 ut
887 892 962 952 ante
975 889 1116 970 solebat3

401 1015 436 1060 se
448 1000 555 1060 tamen
566 1000 700 1077 excepto
713 1014 808 1060 nemo
821 996 948 1060 videbat
960 1013 1053 1076 eum,

362 1106 502 1183 Cumque
513 1106 680 1183 rogaretur
693 1104 871 1166 Machoures
882 1121 948 1183 quo
960 1105 1072 1164 taurus
1085 1101 1224 1181 abisset,

402 1227 458 1290 per
470 1227 564 1290 quem
579 1209 619 1271 de
631 1209 720 1274 coelo
734 1210 787 1272 lex
800 1226 883 1272 nova
893 1207 989 1272 missa
1005 1210 1107 1288 foret,

363 1314 410 1376 ad
425 1331 556 1393 superos
567 1314 656 1377 illum
669 1315 847 1377 biaobomes
860 1312 986 1376 dicebat
995 1314 1040 1389 (i)
1053 1312 1175 1394 abisse,

404 1422 490 1484 unde
502 1421 617 1502 petisse
630 1423 717 1503 prius
727 1422 790 1486 ima
804 1423 940 1485 docebat
952 1439 1037 1484 eum.

364 1526 539 1590 Credebant
552 1527 705 1608 quidquid
723 1527 925 1592 machometis
938 1531 979 1591 ab
991 1546 1046 1592 ore
1060 1529 1195 1591 sonabat

406 1633 480 1696 acsi
494 1635 639 1697 eoelestis
651 1636 783 1698 nuntius
795 1635 847 1697 ille
859 1636 961 1698 foret:
1213 1633 1216 1640 ’

366 1740 541 1802 Credebant
554 1739 737 1820 igiturquia
751 1744 862 1804 taurus
878 1741 919 1803 ad
932 1743 1016 1804 astra
1031 1757 1198 1820 regressus

406 1846 559 1912 virtutum
571 1864 704 1911 numero
718 1847 919 1911 consociatus
933 1850 1021 1910 erat:

366 1955 541 2018 Credebant
554 1956 749 2018 Maebomem
762 1955 854 2017 terris
864 1954 937 2017 ideo
950 1969 1134 2032 superesse,

408 2063 444 2121 ut
455 2060 573 2140 praesit
586 2062 706 2123 mundo
721 2077 794 2123 eum
806 2065 888 2122 Deus
902 2062 987 2122 astra
999 2062 1101 2137 regat.

368 2189 421 2252 His
434 2190 478 2251 ita
491 2191 674 2271 transactis,
689 2191 815 2254 modico
832 2194 905 2271 post
918 2195 1076 2272 tempore,
1092 2208 1163 2254 cum
1174 2192 1242 2269 jam

409 2313 487 2374 gens
501 2313 559 2358 sua
571 2299 641 2358 tuta
654 2296 730 2359 satis
741 2298 800 2358 sub
812 2298 1007 2360 Maebomete
1021 2299 1120 2375 toret,

369 2403 613 2463 insurrexerunt
622 2401 656 2463 in
669 2419 740 2482 eos,
757 2419 834 2482 gens
845 2400 961 2482 effera,
976 2407 1089 2466 Persae

409 2507 516 2570 omnio
530 2510 690 2573 restantes
702 2507 794 2589 igne,
809 2510 912 2589 fame,
926 2508 1051 2589 gladi03

371 2617 511 2693 Namque
521 2614 736 2694 querebantur
748 2614 915 2678 idumaeos
926 2615 1038 2677 fraude
1050 2616 1159 2676 tenere

407 2718 488 2798 juris
501 2724 667 2783 Persarum
679 2719 820 2802 praedia,
834 2720 949 2801 eastra,
965 2719 1099 2784 domos:

372 2828 459 2899 Quae
472 2823 533 2888 nisi
550 2825 730 2907 restituant,
746 2843 890 2905 possessa
903 2825 1065 2890 minantur
1077 2843 1189 2890 eoram

412 2931 608 3012 subiicienda
619 2932 722 2996 modis
735 2933 882 2996 omnibus
895 2931 1002 2996 exitio.

374 3037 498 3100 Talibus
511 3037 645 3117 auditis,
656 3040 802 3102 turbatur
815 3055 893 3119 gens
904 3037 1071 3120 Idumaea,

415 3150 448 3208 et
463 3148 574 3209 eontra
587 3149 695 3206 Persas
704 3144 785 3206 bella
800 3148 908 3208 tenere
922 3144 964 3224 (2)
976 3147 1099 3224 parant.

374 3239 519 3314 Attamen
534 3247 616 3311 inter
628 3250 747 3331 eosqui
762 3249 894 3313 consilio
906 3249 1052 3313 meliores

416 3372 484 3417 esse
498 3354 700 3437 videbantur,
715 3355 812 3418 eorde
824 3357 873 3418 vel
885 3373 940 3418 ore
952 3373 1078 3434 graves,

374 3465 453 3524 Ante
467 3461 691 3540 requirendum
704 3461 897 3541 persuadent
910 3479 929 3524 a
941 3463 1137 3524 Maebomete

413 3585 508 3650 quam
523 3572 633 3632 eontra
646 3574 756 3632 Persas
770 3571 832 3632 tale
843 3567 921 3649 quid
932 3567 1104 3646 incipiant(
1127 3572 1148 3644 ).

374 3675 432 3750 Qui
446 3674 608 3754 respondit
620 3691 675 3737 eos
685 3692 751 3737 non
764 3691 856 3754 posse
868 3673 1013 3736 resistere
1024 3671 1148 3752 Persis,

305 3923 333 3978 (ί)
346 3919 461 3979 Fiaqoaaae
473 3919 528 3966 dans
541 3921 569 3965 A.
849 3932 878 3964 en
895 3931 975 3976 prom
990 3919 1048 3964 ainsi
1066 3931 1094 3964 ou
1111 3923 1190 3962 trouve
1209 3919 1269 3966 dana
1283 3918 1391 3968 ciceron:

305 3984 335 4038 (1)
349 3982 441 4028 Movere
456 3983 511 4026 dans
522 3982 550 4027 B.
850 3980 872 4025 Si
884 3981 905 4024 ei
919 3979 1061 4036 contigisset,
1075 3985 1098 4024 ui
1112 3985 1133 4023 te
1144 3984 1199 4024 aute
1219 3983 1309 4028 videret
1326 3991 1390 4041 quam

305 4047 334 4101 (3)
354 4045 416 4092 cette
430 4043 499 4088 imese
515 4044 663 4100 d'antequam
680 4042 734 4087 dtait
747 4039 813 4098 quet·
849 4054 863 4086 a
877 4041 923 4086 vita
936 4040 1074 4094 discederem
1093 4039 1216 4096 epistolae
1231 4043 1264 4087 ad
1277 4043 1390 4100 [anitia-

279 4105 364 4163 quaiois
373 4106 442 4152 uaitte
451 4106 507 4152 daus
517 4106 538 4152 ia
549 4105 620 4151 bonne
630 4103 728 4156 intinitt,
741 4105 813 4148 memo
849 4115 898 4156 rea,
913 4102 926 4146 Ι.
938 4115 968 4156 ιι,
983 4102 1048 4148 lettre
1057 4107 1077 4146 a.
