2902 4940
575 505 739 560 -259—

405 629 473 705 ejus
485 629 574 690 loeus
586 629 768 692 immensus.

370 731 372 736 '
404 733 613 814 therusalem,
626 736 751 798 exulta!

404 867 545 931 Meridies
559 870 635 931 dum
649 870 806 951 splendet,

406 974 546 1037 Christus
559 976 592 1037 in
604 991 698 1039 cruce
708 978 841 1056 pendet,

402 1082 439 1140 ut
452 1080 498 1143 sic
510 1099 585 1145 suos
596 1081 752 1145 emendet.

402 1185 612 1268 therusalem,
627 1189 751 1251 exulta!

406 1319 482 1380 Urbs
497 1320 620 1399 capitur
633 1321 693 1384 hae
707 1323 827 1402 (tmere,

405 1425 491 1487 nulla
502 1425 544 1487 sit
557 1443 632 1505 ergo
644 1443 751 1506 more,

401 1533 509 1592 nostra
519 1529 561 1592 sit
570 1549 633 1594 vox
646 1533 777 1594 canora!

404 1635 613 1713 Jnerusalem,
631 1637 755 1698 exulta!

405 1780 444 1840 Ut
457 1778 523 1857 ipse
533 1780 601 1841 dux
613 1780 770 1859 laudetur,

403 1884 481 1963 quid
494 1873 568 1948 facit
582 1891 619 1948 ut
632 1886 755 1949 vivetur

357 1995 359 1998 ’
404 1992 479 2053 urbs
492 1996 561 2072 ejus
575 1996 608 2054 et
620 1995 764 2056 laetetur.

404 2099 615 2180 thenusalem,
634 2101 761 2163 exultat

403 2240 470 2304 nivi
484 2242 589 2305 fluunt
599 2242 738 2323 cruente,

404 2346 599 2411 therusalem
609 2348 641 2410 in
655 2349 767 2424 [moris
783 2354 837 2425 (1).

401 2453 477 2514 dum
490 2454 571 2532 perit
584 2471 663 2534 gens
675 2455 800 2517 erroris.

401 2557 611 2638 therusalem,
623 2560 747 2622 exulta!

402 2705 439 2764 nt
453 2703 559 2781 templi
572 2704 786 2782 pavimentum

400 2807 535 2870 efficitur
548 2813 714 2872 cruentum

403 2930 515 2975 cruore
525 2913 726 2975 morientum.

398 3020 609 3099 therusalem,
622 3019 747 3081 exulta!

400 3161 459 3243 Ipsi
470 3163 639 3225 traduntur
654 3161 739 3243 igni,

401 3285 458 3331 vos
469 3269 605 3348 gaudete
614 3317 622 3350 ,
632 3269 763 3350 Benigni
775 3320 781 3352 ,

400 3393 474 3438 nam
484 3379 618 3453 pereunt
627 3376 768 3456 maligni.

400 3481 612 3563 therusalem,
630 3483 752 3545 exulta!

401 3621 736 3702 Cessitinvasonreus;

400 3728 510 3804 pulsus
523 3726 609 3789 dolet
622 3729 777 3811 Iudaeus,

399 3833 451 3913 qui
464 3837 577 3913 regnat
586 3837 630 3910 (2)
640 3835 780 3900 Christus
791 3841 882 3902 Beue

127 4089 154 4144 [t]
167 4091 184 4133 n
198 4103 210 4145 y
225 4103 237 4134 n
252 4090 309 4133 dans
322 4089 341 4132 te
358 4101 399 4132 ms.
414 4087 526 4141 minoris,
547 4087 603 4130 meis
621 4087 635 4129 tt
696 4089 724 4141 (ἢ)
740 4087 809 4132 Tenet
821 4090 876 4135 dans
890 4093 909 4136 te
924 4099 998 4150 texte3
1014 4102 1098 4153 reynel
1112 4106 1144 4144 est
1159 4113 1202 4148 nne

105 4148 169 4194 tenne
178 4151 294 4196 tuememe
306 4151 327 4193 ta
339 4151 437 4194 variante
448 4148 476 4192 tn
488 4147 581 4204 [Morte.
670 4149 777 4193 vertente.
