2914 4944
718 417 883 476 -tio-

496 538 706 602 instrumento
718 558 784 603 non
795 541 941 622 indigens
953 589 962 622 ‚

494 661 598 724 neque
609 645 716 708 thema
730 646 919 728 discutiens,

436 749 504 812 solo
518 753 633 814 cuncta
646 753 785 833 comples
795 753 927 834 imperio
938 781 946 834 3

435 853 515 917 diois
529 883 538 917 ε
554 856 663 920 Fiant!
679 861 712 920 et
723 859 806 922 fiunt
819 858 912 923 illico.

495 990 660 1052 ductores
673 991 979 1073 praestantissimus,

493 1093 693 1174 omnipotens
704 1113 764 1159 neo
778 1097 924 1160 homulus
936 1100 970 1174 (l.
982 1100 1158 1180 aemulus->3

435 1203 560 1263 unium
573 1218 651 1281 ergo
662 1219 744 1284 quse
754 1204 795 1280 (1)
807 1203 884 1267 lacis
895 1203 1018 1285 omnin,

435 1311 591 1386 quantum
604 1309 696 1373 decet
706 1308 785 1373 iacis
798 1309 923 1373 eximin.

494 1443 591 1520 Cujus
604 1440 688 1503 enirn
698 1441 854 1523 judiciuin

497 1562 562 1608 non
575 1551 683 1610 censet
695 1547 769 1611 huic
781 1547 946 1629 imperium
957 1553 1019 1630 (2),

435 1652 489 1733 qui
504 1655 707 1719 commodum
718 1657 855 1720 scienter
867 1657 1043 1737 subtrahit,

433 1761 520 1840 quod
533 1779 594 1825 nec
606 1767 717 1844 gravat
731 1765 859 1829 tandem
873 1783 934 1828 nec
947 1763 1082 1827 minuit?

493 1891 542 1956 Fit
556 1911 633 1974 ergo
645 1895 785 1959 mundus
796 1896 935 1978 optimus
1026 1903 1033 1918 ·

492 2017 530 2062 ao
543 2003 702 2080 perfectus
715 2002 749 2066 in
760 2003 928 2081 omnihus3

341 2153 344 2158 ,
433 2102 469 2163 nt
482 2107 638 2186 pondere,
654 2125 823 2190 mensura,
839 2125 993 2187 numero,

433 2225 473 2268 ne
485 2209 610 2272 vacillet
622 2211 656 2272 in
670 2229 830 2290 quoquam
843 2215 936 2278 ratio.

491 2342 577 2421 Opus
587 2342 720 2424 dignum
734 2345 864 2428 opifice,

491 2449 678 2530 pulchrum,
691 2451 926 2536 indissolubile,
941 2497 945 2505 ·

388 2598 391 2606 .
433 2552 474 2614 nd
486 2558 647 2637 exemplar
659 2559 696 2621 fit
708 2561 990 2645 perfectissimum,

432 2655 532 2720 instar
542 2667 657 2726 cuncta
672 2665 866 2730 concludens
879 2668 1048 2749 optimum.

490 2799 553 2858 Neo
565 2794 689 2858 minore
700 2795 878 2878 disponitur

490 2902 632 2966 bonitate
645 2922 741 2986 quarn
754 2905 902 2970 conditur
913 2934 921 2988 3

432 3009 587 3091 quidquid
601 3011 683 3073 male
697 3011 779 3092 gerit
790 3011 956 3094 iniquitas,

432 3133 555 3178 summe
566 3117 648 3179 bene
662 3117 800 3200 disponit
810 3121 964 3201 aequitas.

484 3246 513 3310 Si
523 3251 537 3309 t
549 3265 661 3329 perpes
674 3255 737 3314 Deo
752 3252 867 3334 gloria,

395 3406 397 3410 .
489 3370 531 3416 ex
543 3371 608 3434 quo
621 3358 697 3418 sunt
706 3374 789 3437 quae
802 3361 877 3424 sunt
887 3362 1015 3426 omnia!

430 3461 533 3542 ipsum
546 3471 661 3530 cuncta
674 3485 731 3548 per
743 3488 839 3552 quem
850 3476 927 3536 sunt
939 3477 1144 3561 praedicent,

430 3569 487 3649 ipsi
501 3587 624 3653 semper
636 3571 670 3637 in
683 3592 747 3653 quo
762 3580 837 3640 sunt
846 3578 984 3658 jubilent
996 3581 1004 3642 1
1021 3586 1130 3648 Amen.

265 3882 294 3938 (l)
308 3881 369 3926 Sunt
378 3888 412 3928 est
422 3883 598 3942 sous-entendu;
612 3899 681 3944 noyez
693 3887 713 3932 tn
724 3887 776 3935 der·
812 3889 976 3947 probableneut
988 3907 1077 3951 qum,-
1091 3910 1117 3944 ee
1126 3898 1166 3953 qui
1180 3912 1211 3946 ne
1225 3904 1297 3952 forme
1307 3918 1351 3952 uu-

236 3943 297 3989 nitro
311 3944 408 4002 strophe.
812 3963 855 3996 oun
867 3965 919 3999 sens
930 3961 952 4000 et
964 3955 1038 4003 donin
1049 3971 1079 4004 nu
1090 3961 1171 4004 second
1182 3974 1237 4010 vers
1249 3979 1296 4012 une
1304 3970 1354 4026 spi-

263 4005 293 4060 (2)
306 4002 324 4047 ll
338 4017 351 4061 p
367 4004 448 4050 ndens
461 4013 524 4054 notre
539 4006 601 4062 copie
616 4007 686 4054 illum
699 4010 776 4067 impe-
810 4011 860 4059 labe
873 4015 901 4060 de
914 4022 976 4072 trop;
991 4019 1049 4065 mois
1062 4020 1082 4065 le
1095 4020 1225 4069 restitution
1238 4038 1286 4082 que
1298 4041 1353 4076 nous

236 4063 302 4110 rium
315 4072 337 4112 et
352 4077 381 4111 un
396 4080 410 4124 q
423 4067 476 4113 dont
497 4070 516 4114 la
536 4081 608 4125 queue
626 4077 664 4116 cst
679 4072 771 4127 bande,
810 4087 931 4138 proposons
944 4089 1001 4126 nous
1009 4082 1093 4140 semble
1101 4080 1146 4128 lert
1157 4092 1274 4142 suspecte.
