2926 4952
553 485 694 538 -77-

216 600 252 664 lrt
265 601 297 663 in
311 606 422 666 sancto
434 603 576 667 carnifex
589 606 693 668 carnis
706 609 945 686 sacrosanctae,

216 701 336 766 scutica
350 722 416 767 non
427 703 557 784 virgulis
570 723 669 786 equos
679 707 713 780 (l.
728 723 842 785 corpus
852 711 876 784 l)
887 707 1065 770 edomante.

215 828 302 891 Libet
314 829 347 893 in
362 831 423 894 hac
434 831 513 894 serie
524 833 687 911 paululum
701 834 817 894 morari
830 859 838 913 3

215 931 297 994 hanc
311 933 555 998 amaritudinem
567 936 659 998 dulce
673 939 722 998 est
734 936 851 1015 profari
863 961 872 1017 ς

214 1037 311 1100 sentit
322 1057 404 1118 quae
417 1058 475 1103 nec
487 1039 630 1103 sentiunt
642 1040 748 1121 plures
762 1058 865 1121 neque
878 1042 959 1123 rari,

215 1157 275 1204 nec
286 1140 330 1204 sic
344 1145 448 1207 solent
459 1143 566 1226 indui,
580 1163 639 1209 nec
650 1145 696 1210 sio
709 1146 871 1227 flagellari.

216 1276 351 1353 Explcns
363 1274 396 1337 in
407 1275 562 1340 canonico
575 1276 785 1357 monachum,
800 1278 912 1339 beatus

217 1382 302 1442 veste
315 1397 350 1442 se
364 1379 510 1443 induerat
520 1382 686 1462 utriusque
699 1385 821 1462 status,

215 1483 274 1545 sub
286 1482 336 1545 bis
350 1488 397 1546 cst
408 1484 511 1547 cilicio
525 1485 641 1566 duplici
657 1489 787 1565 sagatus
799 1512 808 1565 3

216 1591 304 1668 aptat
314 1590 375 1651 hoc
387 1589 576 1671 lemoribus,
594 1590 688 1652 vestit
701 1590 754 1653 illo
767 1592 862 1652 latus

216 1715 258 1774 Nc
269 1713 389 1776 fallacis
405 1713 522 1792 gloriae
534 1714 641 1776 trahat
652 1716 737 1777 hunc
749 1714 859 1794 ruina,

216 1817 305 1881 lineis
319 1820 479 1882 velaverat
493 1835 569 1896 saga
582 1817 706 1879 cilicina
719 1823 782 1898 (l),

215 1921 273 1983 sed
286 1919 441 1984 dulcescit
452 1919 566 1983 acriter
577 1921 729 1982 haustum
738 1921 801 1982 mel
815 1920 855 1982 de
866 1921 971 2000 spina,

215 2026 309 2089 melle
321 2025 396 2090 litus
409 2025 533 2107 gladius
546 2029 579 2089 ct
590 2026 695 2090 virosa
708 2026 791 2090 vina.

216 2153 269 2217 llis
281 2155 420 2217 undatus
435 2154 581 2218 omnibus
594 2154 642 2218 vir
655 2154 780 2217 virtutis
794 2157 918 2233 tantae,

216 2281 234 2325 a
249 2259 392 2322 ministro
406 2259 566 2342 caeditur,
580 2261 701 2342 sputica
710 2262 743 2340 ll.
760 2259 893 2335 scutica)
902 2261 1066 2340 pulsante,

216 2362 314 2425 scissa
327 2367 402 2426 sunt
413 2363 556 2428 llcbiliter
570 2365 653 2428 vitae
665 2364 746 2444 patri
757 2367 886 2428 sanctae

217 2469 349 2548 collum,
364 2469 509 2552 dorsum,
524 2470 663 2550 humeri,
679 2473 785 2551 nates,
799 2481 908 2549 crura,
922 2471 1058 2548 plantae.

216 2599 291 2658 Esse
304 2596 435 2660 studen's
448 2597 577 2662 victima
589 2597 732 2678 partibus
745 2595 795 2659 his
805 2595 899 2677 totis,

218 2698 316 2761 instat
327 2718 417 2781 reus,
431 2701 586 2764 innocens
599 2701 745 2781 precibus
759 2704 792 2762 et
804 2699 906 2779 votis3

217 2800 319 2878 parcit
333 2801 460 2863 tandem
475 2801 608 2863 artubus
618 2801 705 2862 zelus
718 2799 770 2862 lric
784 2799 913 2879 zelotis,

217 2919 311 2981 sacpc
326 2901 433 2964 tinctis
446 2902 620 2983 sanguine,
635 2919 801 2980 nunquam
811 2918 878 2963 non
892 2899 1048 2980 aegrotis,

218 3005 321 3086 aegris
335 3023 430 3085 aegre
443 3005 594 3086 parcitur,
611 3004 698 3067 dirae
710 3004 795 3068 dono
809 3003 909 3084 dotis,

217 3114 289 3191 post
302 3112 475 3191 tlagrorum
489 3111 606 3174 ferulas
619 3108 704 3189 sagis
715 3126 792 3171 mox
805 3108 951 3172 admotis.

218 3243 292 3304 Post
305 3244 370 3303 tam
381 3240 458 3303 levis
469 3238 618 3320 ponderis
632 3255 740 3302 roseos
755 3241 904 3318 ornatus,
948 3268 951 3273 ·

218 3363 295 3408 mox
309 3344 342 3407 in
354 3362 449 3423 sagae
463 3343 593 3425 cyclade
605 3343 681 3406 loris
698 3345 746 3404 est
759 3344 900 3405 arctatus
915 3371 922 3403 ι

220 3450 308 3528 aptat
319 3449 380 3509 hoc
394 3446 581 3526 lemoribuS,
596 3445 692 3507 vestit
706 3444 758 3507 illo
772 3445 855 3506 latus
868 3469 876 3523 3

220 3549 333 3612 fronde
348 3551 482 3628 fossam,
496 3547 588 3610 lineis
600 3548 711 3625 tegens
722 3544 892 3614 cruciatus.

220 3675 385 3741 lleindutis
399 3674 586 3756 splendidis,
601 3675 663 3736 troc
677 3675 860 3748 (extornans
874 3688 973 3749 onus,

221 3783 293 3846 talis
305 3800 381 3846 suos
394 3781 504 3862 latuit,
520 3797 593 3842 vere
605 3780 687 3842 latro
701 3779 826 3855 bonus,

99 3987 127 4042 (tl
139 3987 190 4032 lton
200 3983 272 4030 solum
288 3981 345 4025 enlm
359 3979 458 4026 cilicium
470 3990 511 4033 pro
522 3975 615 4022 camisia
651 3988 690 4032 per
698 3975 820 4021 honestatis
831 3973 911 4030 rigore,
920 3973 961 4018 sub
976 3972 1076 4018 decentia
1089 3971 1186 4018 restium

70 4049 201 4103 deferebat,
221 4045 261 4090 sed
278 4049 301 4087 et
317 4041 428 4087 lemoralia
444 4039 530 4085 cilicina
545 4049 616 4093 usque
651 4047 674 4082 ct
691 4042 800 4094 apparatu
819 4036 947 4081 utensilium
970 4034 1114 4080 concordaret
1134 4045 1185 4078 cum

71 4113 99 4156 ad
112 4107 218 4168 poplitem
231 4105 360 4164 bajulabat,
376 4103 519 4148 sanctitatem
540 4105 615 4145 aulem
632 4095 1186 4155 .moribussingulorum3Legendooureo,p.lt·l.

72 4188 136 4220 sunm
145 4175 177 4218 ita
185 4171 300 4219 subtiliter
307 4167 440 4220 occultabat,
448 4171 480 4220 ul,
491 4164 616 4208 salvoscm-
