2892 4940
691 433 854 488 -138-

486 555 624 618 Aestimo
636 573 695 634 pro
709 571 805 617 sensu
816 571 907 634 meo,

485 659 571 738 quod
584 657 780 738 praebendas
791 675 857 720 non
870 673 927 737 pro
942 661 1005 719 Deo

483 764 564 822 Pure
578 759 673 840 ἀξιοῖς
688 758 745 822 sed
758 776 828 821 mos
839 761 888 821 est
901 757 958 821 sibi
972 787 980 818 ι

485 868 529 927 Da
540 853 736 943 mihi'ouno,
752 863 835 926 dabo
847 863 913 926 tibi.

484 969 534 1034 Sio
547 971 587 1033 ad
602 969 737 1034 invicem
751 967 917 1032 colludunt

484 1077 580 1155 etque
593 1091 747 1154 pauperes
760 1072 945 1136 excludunt.

488 1178 546 1254 Qui
560 1178 717 1243 redonant
729 1177 790 1240 illis
804 1177 917 1258 datur3

488 1284 527 1345 de
540 1281 648 1362 egenis
660 1299 727 1344 non
742 1283 881 1344 curatur.

489 1393 554 1450 Heu
567 1385 575 1448 Ξ
589 1386 795 1466 quamobrem
807 1403 873 1448 non
891 1386 1077 1461 attendunt,

488 1490 575 1570 quod
587 1487 632 1551 sic
645 1488 758 1552 Christi
771 1489 856 1550 bona
869 1489 1029 1568 vendunt,

486 1598 572 1668 Quae
585 1591 745 1673 praecepit
757 1596 839 1655 Deus
853 1591 921 1655 dari

486 1697 585 1777 gratis
598 1698 630 1759 et
644 1713 709 1759 non
723 1696 922 1760 venundari?

488 1802 712 1867 Daemonizent
725 1806 758 1865 et
770 1806 819 1866 est
832 1821 969 1883 aequum

486 1909 572 1988 quod
585 1908 764 1971 mercedem
779 1911 907 1970 sumant
916 1907 957 1986 (1)
972 1921 1090 1968 securri.

486 2013 580 2076 Miror
592 2012 668 2092 quid
682 2017 759 2076 tuno
772 2014 1023 2093 respondebunt,

487 2120 561 2178 ante
574 2119 672 2177 Deum
686 2116 763 2179 dum
773 2118 805 2196 (i.
815 2119 918 2192 cumi)
928 2117 1094 2196 parebunt,

488 2219 680 2300 Responsuri
694 2221 734 2283 de
747 2231 781 2282 re
796 2223 904 2300 gesto,

489 2319 514 2382 si
529 2320 570 2382 sit
582 2318 651 2383 vilis
664 2320 713 2381 vel
728 2320 861 2382 honesta
878 2368 885 2399 ,

487 2422 543 2488 Ubi
559 2438 681 2504 genos,
701 2440 768 2504 res,
784 2423 939 2502 honores,

481 2525 606 2589 ‘nemini
620 2529 695 2588 sunt
707 2527 879 2607 adiutores,

528 2630 704 2694 Advertatis
717 2649 790 2713 ros,
805 2632 954 2711 praelati,

488 2738 642 2815 quantum
656 2733 814 2816 oportebit
825 2738 906 2818 pati,

491 2844 566 2904 Post
582 2844 665 2906 hene
678 2841 776 2906 vitem
791 2842 1018 2922 propeccatis,

494 2950 530 3009 ut
542 2963 624 3027 quae
634 2949 722 3027 justa
733 2948 808 3009 sunt
819 2947 931 3027 egetis.

490 3054 529 3112 Et
542 3048 643 3111 curati
658 3050 855 3131 sacerdotes,

491 3151 687 3232 possidentes
701 3154 820 3231 amplas
833 3153 922 3215 dotes
934 3201 941 3231 ,

491 3263 535 3318 De
548 3259 649 3318 salute
663 3256 840 3319 animarum

492 3358 690 3422 subditorum
703 3362 745 3437 (2)
758 3364 872 3422 curant
882 3377 1004 3440 parurn.

494 3462 576 3526 Nihil
590 3467 703 3526 curant
715 3481 811 3545 quam
824 3464 941 3527 habere

493 3572 525 3630 et
538 3567 719 3632 hominihus
731 3571 872 3650 plaeere3

494 3689 561 3734 non
574 3672 744 3736 advertunt
757 3672 799 3736 ad
809 3675 963 3737 clamores

457 3805 460 3814 ι
495 3793 687 3858 pauperum,
703 3778 759 3840 sed
773 3779 926 3841 claudunt
937 3781 1030 3841 fores.
1105 3859 1107 3862 Ι

496 3881 545 3944 Sic
558 3897 617 3943 nec
631 3880 781 3964 subditis,
796 3885 833 3944 ut
845 3865 976 3963 dehent,

254 4106 283 4159 ir)
298 4101 459 4149 Sumunidens
469 4102 619 4156 Neogeorgus.
825 4106 852 4159 (ι’)
865 4103 1083 4149 Subdiloromdans
1099 4104 1246 4160 Neogeorgus.
