2892 4940
553 474 716 530 -161-

113 655 116 663 ยน
178 603 370 650 conservans
382 589 512 653 viriliter
526 610 640 674 corpus
654 597 885 682 incorruptum,

178 695 264 757 hunc
275 697 366 775 plane
379 696 524 776 diligeret
539 700 687 764 dominus
699 705 861 770 virtutum.

179 817 236 879 Sed
249 836 313 881 non
325 799 429 899 placet
441 823 587 886 omnibus
601 825 680 890 baec
694 835 907 914 consuetudo,

179 923 250 1001 quia
263 927 366 1004 placet
379 927 511 1006 amplius
526 930 641 994 bursae
654 935 835 1018 plenitud03

178 1029 341 1093 universos
355 1031 452 1095 allicit
463 1034 546 1098 cutis
559 1037 756 1122 pulcritudm

178 1134 274 1197 hodie
283 1136 339 1200 vix
352 1138 487 1218 aliquem
501 1143 592 1206 decet
603 1147 794 1212 sanctitudo.

177 1259 232 1320 Ubi
247 1264 323 1322 sunt
336 1264 506 1334 Ecclesiam
519 1266 552 1328 in
565 1268 688 1332 Christo
702 1276 864 1354 regentem

177 1365 229 1442 qui
244 1366 343 1428 velint
353 1368 491 1432 existere
503 1371 754 1457 benefacientem

176 1473 394 1551 exemplorum
406 1474 520 1538 levitae
532 1480 656 1541 tantum
670 1483 864 1566 relucentes,

175 1579 212 1637 ut
224 1578 383 1641 laetentur
393 1580 510 1659 pariter
524 1587 556 1644 et
570 1587 713 1649 exultent
727 1593 858 1667 gentes?

175 1696 222 1758 Nil
233 1699 346 1762 volunt
358 1701 461 1764 solatii
475 1702 608 1766 subditis
622 1708 781 1788 conterre,

174 1807 225 1883 et,
241 1823 315 1868 cum
328 1808 425 1870 modo
441 1811 609 1872 conterant
622 1814 725 1874 totum
735 1817 889 1878 mundum
902 1835 1034 1895 guerrae
1045 1869 1052 1898 ,

173 1910 292 1971 nolunt
304 1928 338 1974 se
349 1929 407 1990 pro
421 1911 493 1974 liliis
506 1916 600 1975 lsrael
614 1915 729 1978 offerre

173 2019 209 2077 ut
224 2015 258 2077 in
271 2034 349 2095 pace
363 2023 512 2081 maneant
524 2037 634 2083 omnes
648 2022 728 2085 fines
740 2027 851 2088 terrae.

173 2141 206 2199 ln
219 2137 378 2200 bellorum
390 2140 515 2203 turbine
527 2143 566 2204 de
582 2147 645 2205 beo
659 2144 821 2227 dissidunt,

173 2244 230 2310 bos
242 2249 364 2308 norunt
376 2251 518 2311 metuere
529 2249 583 2328 qui
598 2253 735 2330 cor(p)us
746 2254 915 2336 occidunt,

171 2367 285 2414 omnes
296 2351 329 2414 in
343 2355 496 2432 pecuniae
508 2356 665 2418 thesauris
679 2359 860 2440 confidunt,

170 2456 295 2519 assides
309 2457 350 2537 (l)
363 2462 395 2520 et
406 2459 528 2521 validos
542 2459 660 2548 debiles
671 2461 802 2525 elidunt.

170 2582 191 2640 A
206 2577 288 2641 foris
304 2579 481 2659 suscipiunt
495 2583 615 2643 eurtum
628 2585 818 2661 pastoralem
832 2611 840 2665 3

169 2701 335 2764 nunquam
350 2683 509 2764 degustati
524 2688 599 2746 sunt
612 2704 744 2750 coenam
756 2689 926 2769 spiritalem
938 2739 945 2764 ,

168 2807 232 2852 non
247 2788 406 2851 habentes
418 2790 503 2869 apud
514 2806 547 2851 se
561 2794 680 2854 vestem
693 2794 866 2871 nuptialem
880 2823 888 2874 3

169 2892 586 2974 agentesoperibuscnram
597 2898 851 2977 mercennalem(
873 2902 891 2970 ).

168 3017 217 3081 lsti
230 3019 312 3080 sunt
324 3033 404 3096 quos
416 3017 554 3080 tumidos
569 3017 664 3081 efficit
676 3023 815 3097 potestas

168 3129 199 3186 et
210 3141 296 3205 qnos
311 3139 475 3202 nunquam
490 3123 585 3186 allicit
596 3141 769 3204 paupemm
782 3129 905 3207 egestas
918 3155 926 3206 ฯ

168 3229 226 3292 bos
239 3227 376 3292 districti
385 3228 502 3308 judicis
516 3229 671 3310 opprimet
685 3235 852 3313 majestas,

170 3338 262 3415 cujus
275 3335 308 3398 in
322 3334 455 3398 circuitu
470 3336 574 3400 valida
590 3340 769 3417 tempestas.

171 3458 285 3520 Omnes
299 3456 448 3520 avaritiae
461 3461 577 3521 coeunt
589 3462 749 3522 caelatum
757 3464 817 3541 (3),

171 3579 225 3624 ore
237 3565 376 3644 psalmos
386 3563 560 3644 ruminant,
575 3564 607 3626 in
622 3565 718 3627 corde
728 3570 922 3649 mercatum3

169 3685 292 3749 nonne,
309 3667 385 3730 dum
398 3685 463 3729 non
478 3669 619 3748 cogitant
631 3667 752 3731 Domini
766 3673 965 3754 mandatum,

170 3791 282 3837 eorum
294 3773 397 3840 oratio
411 3775 466 3836 liet
477 3773 509 3836 in
520 3778 704 3853 peccatum?

111 3944 135 3998 (ll
161 3949 222 3993 Pour
245 3951 367 4005 lissidona,ยน
393 3955 450 3995 cette
476 3952 612 3996 contractiori
674 3953 702 4008 (n)
724 3951 878 4010 Meroenaire3
900 3969 925 4002 ce
944 3967 989 4006 root
1007 3973 1104 4022 manquc
1121 3974 1180 4016 aussi

88 4003 136 4050 obst
147 4021 184 4064 pas
197 4009 300 4066 indiqutc
313 4013 367 4058 dans
383 4011 404 4055 la
418 4012 518 4057 nouvcllc
532 4013 612 4056 edition
648 4014 703 4058 dans
716 4016 736 4059 lc
747 4015 775 4058 du
786 4015 859 4072 Gange
869 4018 895 4062 de
905 4019 935 4064 ll.
950 4021 1067 4069 lionscbel.

89 4063 111 4107 de
119 4067 145 4112 au
154 4070 236 4126 Gange.
674 4077 702 4132 (s)
713 4077 835 4132 Pentelici,
843 4089 929 4125 comme
936 4079 1023 4136 Coetus,
1034 4083 1102 4143 Soita,
1111 4088 1181 4146 Cour3

649 4138 663 4180 il
675 4149 702 4181 ne
712 4149 737 4182 se
749 4143 826 4183 trouve
839 4140 893 4185 dans
903 4153 977 4188 aucun
986 4147 1100 4201 glossairc.

1062 4210 1093 4265 11
