2892 4940
557 469 718 524 -139-

320 589 452 650 formam
463 591 565 651 bonae
580 589 661 652 vitae
676 592 826 669 praebent
841 619 849 667 ς

318 690 378 754 sed
392 708 447 770 per
459 707 573 770 pravos
588 709 797 772 musmones,

317 798 434 859 multus
448 796 570 860 ducunt
584 798 616 859 in
630 815 763 862 errores,

357 905 464 964 Canon
478 905 585 982 regula
600 908 742 986 notatur,

318 1004 392 1068 hine
405 1007 577 1071 canonicus
589 1008 740 1089 gignatur
751 1039 760 1089 3

318 1112 363 1172 Eo
375 1110 477 1192 qued,
492 1113 552 1174 sub
565 1113 702 1192 regulari

316 1212 392 1294 vita,
408 1213 523 1277 debent
539 1217 683 1279 famulari

316 1320 393 1379 Cum
406 1315 574 1382 devotione
587 1323 652 1381 Deo
666 1345 673 1380 ε

317 1419 374 1500 ipsi
389 1426 502 1484 curant
514 1421 558 1484 nil
573 1421 613 1484 de
626 1439 684 1501 θος

317 1524 377 1588 sed
389 1523 537 1588 libentius
550 1526 591 1588 ad
604 1525 709 1588 iorum

317 1632 460 1711 currunt,
473 1646 567 1710 quarn
582 1631 785 1711 frequentant
798 1633 944 1696 ehornrn.

317 1737 424 1797 Vestes
437 1734 588 1798 militares
601 1741 775 1817 quaerunt,

317 1837 395 1899 nihil
406 1856 502 1917 quam
515 1839 678 1900 mundana
690 1841 813 1920 feruni3

317 1945 399 2003 Raro
413 1939 596 2020 impertiunt
611 1941 715 2020 dignis

317 2064 391 2109 suas
402 2063 492 2128 opes,
507 2045 564 2107 sed
576 2046 733 2126 malignis.

316 2148 474 2229 Quidquid
487 2147 533 2210 eis
548 2153 743 2231 superesset,

315 2257 378 2318 hoc
388 2274 446 2334 pro
460 2260 525 2319 Deo
539 2257 680 2319 dandum
691 2260 793 2336 esset3

316 2354 408 2418 Modo
422 2357 616 2419 habentium
631 2375 762 2419 avarum

316 2477 383 2541 eor,
399 2462 485 2540 quod
496 2461 572 2524 nihil
587 2463 665 2524 dant
675 2463 724 2524 vel
738 2478 862 2542 parurn.

355 2565 433 2625 liam
446 2563 500 2643 qui
514 2563 548 2625 in
562 2565 707 2627 claustris
721 2565 843 2644 degunt
853 2572 874 2644 ⁷⁶

313 2669 406 2745 juxta
418 2683 563 2730 nonnam
577 2683 611 2728 se
625 2685 691 2728 non
702 2671 834 2746 regunt,

316 2773 417 2843 Quam
431 2771 536 2848 patres
545 2766 772 2849 instituerunt3

318 2871 373 2932 sed
387 2887 469 2950 quae
482 2869 579 2933 vetita
593 2873 669 2932 sunt
681 2875 848 2949 quaerunt.

318 2972 425 3032 Vestes
438 2970 584 3032 deferunt
598 2971 796 3050 claustraleS,

319 3074 376 3136 sed
389 3073 422 3137 in
432 3078 540 3136 mente
553 3091 619 3136 non
632 3078 708 3137 sunt
721 3076 799 3136 tales
810 3103 818 3154 3

318 3183 457 3260 Namque
470 3180 530 3242 sub
543 3178 690 3258 religiosa

317 3286 404 3346 veste
415 3285 492 3347 latet
505 3301 595 3346 mens
609 3284 728 3347 dolosa.

318 3386 429 3468 Rima,
444 3387 515 3450 lites
528 3389 560 3450 et
577 3403 725 3450 rancores

317 3491 436 3555 habent
448 3491 530 3554 inter
543 3509 577 3555 se
590 3495 727 3572 majores

317 3595 460 3659 Menaeni
474 3600 507 3657 et
518 3596 691 3674 monialae,

317 3721 414 3785 quam
429 3717 582 3780 personae
595 3699 782 3762 mundiales.

317 3807 375 3884 Qui
389 3807 458 3872 vult
471 3805 604 3868 Satanae
617 3802 751 3881 servire,

319 3917 492 3978 claustrum
504 3911 598 3974 debet
610 3909 751 3972 introire.

319 4019 387 4083 Mali
402 4023 524 4099 cogunt
536 4017 577 4080 ibi
594 4018 709 4094 bonna,

318 4128 354 4185 ut
367 4128 496 4188 cantent
507 4140 618 4187 eorum
632 4125 737 4186 tonos,
