2892 4940
750 529 894 586 ..94-

538 655 570 717 in
581 655 716 718 Orientis
726 654 884 735 partibus,

538 763 662 842 fulgens
675 760 781 841 dignis
791 761 949 842 operibus.

536 910 604 970 Jam
616 906 745 987 nuptiae
756 908 797 970 de
809 907 952 988 pluribus

535 1011 706 1092 implentur
718 1011 1008 1093 discumbentibus,

537 1113 610 1176 mali
623 1117 701 1177 sunt
711 1132 786 1178 eum
798 1116 975 1197 pejoribus,

537 1218 612 1281 boni
625 1235 700 1281 eum
710 1218 902 1283 melioribus.

536 1371 614 1430 Cum
626 1369 715 1431 lohel
729 1368 804 1430 facit
817 1368 961 1448 nuptiaS,

536 1477 630 1536 vocat
642 1491 794 1554 personas
807 1491 982 1554 congruas,

538 1572 749 1653 disponuntur
761 1572 870 1636 sedilia

538 1692 594 1754 per
607 1673 746 1754 palatina
760 1675 871 1754 spatia.

537 1827 695 1904 Usurpant
705 1825 796 1888 sedes
809 1823 901 1887 eitius

537 1931 592 2009 qui
606 1929 661 1993 loti
673 1935 748 1992 sunt
760 1930 949 2010 temperius,

537 2052 572 2096 se
584 2036 787 2113 praesentant
800 2033 945 2096 convivio

539 2140 598 2199 sub
611 2137 728 2201 Johelis
742 2137 891 2200 dominio.

538 2290 606 2349 Jam
616 2302 731 2348 manus
743 2287 829 2349 lavat
838 2289 977 2348 Naaman
990 2289 1052 2363 (1),

537 2407 660 2453 mersus
672 2390 809 2454 iordane
821 2388 954 2468 septies,

537 2515 633 2577 quem
646 2514 712 2560 non
726 2496 830 2558 aufert
842 2494 1001 2558 ulceribus

539 2600 711 2680 Pharphar,
724 2597 866 2662 Damasei
880 2596 994 2662 fluuius
1004 2602 1059 2671 (⁵2).

538 2747 745 2818 invitatorum
757 2744 905 2808 manibus

539 2856 634 2914 Amos
643 2855 705 2931 (3),
719 2849 767 2913 vir
779 2849 1006 2928 amentarius,

540 2956 735 3020 siacumoros
748 2955 936 3035 evellimus,

539 3075 695 3140 aquarum
707 3058 813 3121 tundit
826 3058 943 3140 copias.

539 3213 679 3270 Faenum
692 3207 859 3302 deportant
870 3209 1021 3287 iambus,

541 3311 682 3373 Andreas
695 3308 965 3372 discumbentibus
978 3336 986 3391 3

541 3414 598 3477 sed
617 3415 763 3475 sternunt
775 3413 1015 3478 convivantibus

541 3523 620 3604 duo,
634 3523 797 3585 biathaeus
809 3524 842 3584 et
853 3524 973 3584 Petrus.

540 3674 617 3735 Cum
630 3688 773 3734 mensam
784 3671 875 3751 ponit
886 3673 1033 3736 salomon

540 3772 631 3837 multi
642 3777 775 3836 currunt
785 3774 826 3836 ad
838 3775 991 3838 serentum
1003 3802 1011 3857 3

294 3977 323 4031 (i)
337 3973 391 4019 Voir
404 3972 425 4018 la
433 3977 486 4017 nota
497 3978 520 4023 1,
536 3985 559 4028 p.
570 3977 605 4018 aa.
868 3955 894 4028 (3)
909 3973 940 4016 Le
955 3973 1060 4030 prophete
1073 3972 1142 4018 Ainos
1158 3976 1259 4033 repondit
1278 3977 1292 4022 h
1312 3980 1378 4024 Ama·

295 4036 322 4092 (a)
342 4035 373 4078 Le
390 4034 506 4090 Pharphar
520 4033 616 4078 etaitun
629 4034 668 4077 des
682 4031 766 4077 [leuues
779 4033 806 4077 de
841 4033 1094 4091 sias210men0parrre
1108 4035 1140 4080 ies
1151 4036 1222 4083 breuis
1232 4043 1257 4087 et
1267 4040 1378 4098 m¹ocrupe
1420 4063 1421 4084 r

267 4099 363 4150 Damas,
378 4109 408 4140 uu
420 4096 490 4152 piuttt
504 4107 534 4138 un
548 4095 587 4138 des
603 4094 655 4138 bras
664 4094 693 4137 du
705 4093 804 4152 Barrady
841 4094 945 4152 hpiquer
957 4096 989 4141 les
1002 4095 1071 4152 iigues
1085 4109 1194 4156 sauvaaes
1212 4112 1269 4156 pour
1279 4103 1315 4146 ies
1328 4103 1378 4147 hire

266 4172 299 4204 -ou
308 4157 336 4201 du
346 4156 495 4213 Girysorrous3
511 4167 579 4211 voum
592 4155 659 4210 Rois,
671 4156 685 4198 Ι.
698 4168 729 4208 rr,
740 4155 774 4200 ch.
785 4161 806 4210 b,
843 4156 925 4210 murtr3
937 4157 972 4202 eh.
987 4168 1018 4203 vu
1026 4189 1032 4212 ‚
1045 4170 1066 4202 u.
1078 4163 1110 4202 ii.
1215 4200 1219 4208 ,

270 4233 292 4263 ν.
309 4224 341 4263 ¹2.
