2892 4940
736 451 900 506 -lus-

365 573 532 640 llabundes
544 576 753 656 (illabentes)
766 573 913 652 incapite
926 574 1045 662 ennom)
1057 555 1247 650 senectutis,

364 682 500 745 retinent
512 681 544 745 in
557 681 685 744 renibus
696 681 790 743 liores
803 679 1000 759 iuventutis3

363 790 445 851 male
458 788 516 851 sibi
528 787 661 868 conscii,
677 787 716 850 de
730 786 781 849 viu
793 785 918 852 virtutis

361 896 558 959 insectantur
569 895 647 958 alies
661 893 772 974 gladiis
787 893 898 956 acutis.

361 1033 409 1100 'Ex
423 1036 472 1100 his
485 1053 553 1099 esse
563 1036 709 1099 novimus
722 1035 826 1116 proles
840 1034 1025 1113 edemuees,

361 1143 438 1206 dees
451 1160 516 1205 non
528 1140 665 1222 recipere
678 1141 734 1204 sed
747 1157 853 1203 emere
866 1141 959 1220 deos3

297 1297 299 1302 .
362 1249 419 1311 sed
429 1250 585 1328 quotquot
595 1247 749 1310 invenerit
758 1249 855 1328 hujus
867 1247 913 1308 rei
926 1264 1014 1325 reos,

361 1354 415 1435 qui
429 1353 462 1416 in
473 1353 568 1417 coelis
581 1353 701 1416 habitat
711 1352 854 1415 irridebit
863 1355 905 1431 (l)
919 1369 985 1414 eos.

361 1495 411 1560 Sic
423 1498 557 1574 pascunt
568 1497 604 1556 ut
617 1493 740 1574 ipsimet
751 1490 857 1573 potius
870 1496 1055 1573 pascantur,

361 1600 415 1681 qui
428 1600 482 1664 vix
495 1601 536 1663 ud
547 1599 713 1664 humilium
724 1615 832 1680 preces
846 1599 1056 1679 inclinentur,

362 1708 394 1769 et
407 1709 513 1768 tamen
526 1705 700 1769 sublimiter
713 1704 758 1767 eis
771 1704 995 1786 dominantum

361 1811 598 1875 contunduntur
611 1810 728 1891 puriter
741 1815 774 1873 et
786 1811 1009 1876 revereantur!

359 1950 420 2026 Qui
433 1953 548 2014 bursae
561 1951 760 2015 solummodo
775 1955 932 2034 quaerunt
945 1953 1181 2034 implementum

360 2075 420 2120 nec
433 2057 545 2120 Christi
556 2053 681 2120 familiis
695 2057 839 2119 dividunt
853 2060 1067 2137 trumentum,

358 2161 414 2242 qui
427 2163 509 2224 mule
525 2161 718 2224 dominicum
732 2161 894 2242 duplicant
906 2166 1060 2228 talentum

360 2269 556 2332 veterascent
567 2267 672 2330 miseri
683 2267 765 2330 sicut
773 2269 1007 2332 vestimentum.

360 2407 435 2482 Quis
447 2408 631 2488 Myrr(h)ue0
642 2407 777 2488 praesuli
790 2407 899 2472 similis
911 2427 998 2476 nunc
1011 2411 1109 2479 vivit?

361 2519 438 2577 Num
452 2532 514 2594 gua
528 2516 619 2595 eujus
630 2513 704 2593 quia
719 2531 798 2594 guas
810 2516 850 2592 (2)
864 2516 974 2580 decem
985 2517 1167 2598 acquisivit,

361 2622 447 2684 lrunc
458 2621 499 2683 ed
512 2619 711 2684 multominus
723 2619 862 2700 praemia
876 2621 1003 2702 ascivit,
1020 2661 1022 2668 ι

356 2742 442 2805 quae
453 2743 517 2788 nun
531 2723 609 2789 vidit
620 2726 731 2790 oculus
742 2743 800 2788 nec
814 2726 899 2790 auris
912 2725 1041 2790 audivit.

359 2873 480 2933 Paucos
490 2868 549 2932 sibi
562 2868 678 2932 similes
695 2887 781 2932 nunc
797 2870 893 2932 hebet
907 2870 1072 2954 Paulinus,

360 2978 496 3055 etquem
509 2974 634 3052 (teuit)
649 2976 810 3057 quondam
822 2975 933 3039 habuit
946 2995 1054 3058 parem
1071 2983 1337 3068 Mons—Cassinus3

355 3082 418 3144 sed
430 3084 462 3145 et
475 3082 576 3161 qualis
589 3081 709 3144 exstitit
721 3085 828 3160 pastor
841 3082 1024 3146 llidertiuus
1037 3086 1092 3167 (l),
1422 3157 1423 3160 Ἴ

360 3186 414 3248 vix
431 3188 527 3248 habet
539 3185 716 3250 consimiles
729 3187 759 3262 (l.
771 3187 965 3250 consimilem
972 3191 995 3264 2)
1007 3190 1165 3256 Ecclesiae
1175 3194 1276 3260 sinus.
1422 3163 1423 3254 l

356 3327 541 3391 Sanctulum
551 3325 769 3404 presbyterum
781 3326 929 3387 nolumus
943 3329 1063 3407 tacere,

358 3432 414 3513 qui
427 3431 524 3497 vitam
537 3448 594 3511 pro
607 3428 751 3510 proxime
764 3428 864 3495 volunt
875 3446 1002 3508 cerere3

292 3669 320 3724 ll)
335 3665 504 3712 Probablement
512 3665 613 3723 μιιὸνι,
627 3663 733 3715 cultim
745 3673 801 3709 nom
832 3660 923 3718 uratia.
937 3662 1028 3709 murus
1038 3664 1092 3710 dune
1104 3675 1130 3710 ce
1148 3677 1189 3712 ms
1202 3668 1262 3716 lesu
1272 3675 1296 3715 et
1309 3671 1359 3717 nir

267 3741 295 3774 nc
309 3729 451 3774 censuissem
464 3739 504 3783 pus
517 3727 602 3773 d'uutre
613 3726 713 3781 exemplo
724 3725 750 3770 de
765 3729 801 3770 eet
834 3723 896 3767 n'ent
913 3735 952 3780 pus
967 3725 1006 3770 des
1030 3726 1161 3772 differenees
1181 3728 1225 3774 lort
1238 3734 1359 3783 nuncies,

266 3791 345 3846 emploi
355 3788 492 3833 u’lrrtuere.
835 3789 950 3840 peut-cue
964 3787 1086 3842 eepenclunt
1103 3787 1178 3834 lant-tl
1196 3791 1238 3837 lire
1253 3805 1314 3850 unu,
1328 3793 1360 3850 qui

293 3864 319 3919 (tl
335 3862 352 3905 ll
361 3859 426 3915 s’ugit
434 3859 461 3903 tle
472 3859 529 3903 seint
538 3857 641 3912 lllcolus3
653 3856 709 3901 muts
717 3867 801 3900 covers
835 3847 934 3902 Ρθῦῐῐᾶὶῑ
951 3859 975 3892 ⁸0
994 3848 1106 3894 ratluther
1125 3862 1154 3894 uu
1175 3865 1229 3908 grec
1253 3851 1359 3912 Γνοωμη,

265 3929 301 3972 cst
314 3930 362 3978 trop
372 3933 489 3976 ccmompu
505 3932 560 3976 pour
577 3923 625 3964 tire
638 3918 730 3964 restitue
743 3929 799 3961 avec
836 3909 920 3966 Saeuit,
937 3907 1061 3955 Connnltrc.

265 3985 360 4042 quelque
371 3981 495 4030 cortitum:
512 3980 572 4034 ὕπο,
584 3981 622 4038 qui
631 3986 667 4024 est
674 3980 731 4026 ecrit
739 3979 799 4024 tres-
878 3985 924 4017 unm
933 3983 1087 4025 urtutcgruum
1095 3985 1140 4025 qun
1148 3989 1261 4034 coquunt,

266 4045 396 4092 lisilrlement
409 4043 467 4088 deux
477 4042 519 4088 lois
528 4047 551 4086 et
563 4043 609 4088 doit
622 4045 668 4088 eus
680 4053 709 4086 un
719 4053 800 4084 meno-
834 4052 863 4084 cn

266 4107 360 4164 syllam,
374 4117 402 4150 ne
415 4105 499 4150 murell
508 4106 558 4148 elce
571 4115 615 4148 unc
625 4101 762 4146 abreviation
773 4102 800 4146 de
878 4113 940 4146 emur«
952 4114 1000 4154 quon
1011 4113 1079 4154 grau-s
1088 4115 1149 4150 uocem
1162 4122 1261 4160 aequisivit
1271 4124 1296 4168 (η
