2926 4952
779 485 922 541 ...78-

430 606 516 684 jugis
528 605 603 668 dum
618 606 667 668 his
681 603 795 670 institit
806 627 909 672 annus
921 609 959 673 nt
971 614 1106 678 octonus
1120 619 1146 691 (l
1155 621 1189 697 l,

432 725 505 770 raro
518 707 722 771 interstitium
734 714 797 792 (2),
812 728 885 774 raro
897 713 984 793 rigor
994 729 1124 793 pronus.

432 833 479 895 nd
492 835 646 897 alternam
657 835 798 914 requiem
809 841 918 900 monet
930 852 990 903 nos
1002 843 1095 920 poeta
1110 867 1118 922 3

432 939 478 1000 sal
492 937 526 1000 in
540 938 703 1002 sacrificiis
716 939 815 1019 exigit
827 945 981 1022 propheta
994 947 1049 1025 (3),

433 1057 491 1103 nec
500 1041 577 1120 quid
589 1042 695 1105 minus
709 1042 861 1123 scriptum
874 1060 969 1124 quam
982 1049 1058 1108 sunt
1068 1045 1238 1110 indiscreta
1249 1051 1311 1128 (t),

431 1148 549 1225 parest
565 1143 742 1226 homicidii,
760 1162 841 1208 crux
860 1143 1040 1225 irrequieta.

430 1273 564 1333 Sanctus
575 1269 728 1350 Thomas,
742 1269 869 1350 bajulus
881 1269 989 1350 virgae
1001 1273 1184 1354 pastoralis,

427 1371 515 1450 jugis
526 1371 575 1432 his
586 1370 749 1450 septennio
763 1370 919 1450 praestitit
932 1371 965 1433 in
978 1372 1069 1435 malis
1082 1401 1091 1434 ε

430 1489 575 1552 quaeque
586 1489 653 1535 nox
665 1470 831 1552 crucifera,
841 1473 1078 1554 raratlraroll,
1091 1491 1158 1556 non
1170 1475 1315 1554 poenalis
1329 1482 1393 1555 (5lt

431 1575 533 1637 abhis
546 1579 640 1638 nocte
646 1574 747 1638 libera
758 1575 827 1638 festi
838 1575 1028 1658 principalis.

431 1714 500 1772 Non
514 1710 686 1772 observans
698 1710 865 1772 sabbatum
876 1726 917 1772 ne
929 1709 971 1772 sit
983 1726 1059 1772 sons
1072 1714 1105 1772 et
1117 1729 1213 1775 renus
1226 1708 1260 1790 (l.
1274 1719 1377 1792 reus),

430 1815 466 1873 ut
480 1814 588 1874 sancta
603 1810 805 1874 sanctificans
817 1829 912 1876 verus
926 1812 968 1875 sit
977 1814 1136 1876 Hebraeus
1148 1819 1192 1890 (6)

430 1914 467 1977 fit
480 1914 547 1977 dies
558 1916 745 1996 praecipuus
759 1918 787 1979 ei
798 1919 944 1997 jubeleus
956 1919 990 1994 (l.
1001 1917 1173 1999 jubilaeus)
1187 1947 1194 1980 ι

430 2025 463 2085 ει
476 2020 525 2083 his
538 2039 655 2085 vacans
668 2026 701 2083 et
713 2024 754 2083 ab
765 2023 815 2084 his
827 2013 1010 2101 differtptc)
1023 2025 1097 2107 tibi,
1112 2030 1203 2089 Deus.

429 2153 527 2228 Saepe
539 2153 641 2212 tortor
653 2149 779 2231 intulit,
794 2150 909 2213 sistens
923 2169 941 2213 a
953 2152 1086 2230 llagellis
1100 2181 1107 2214 ι

429 2253 620 2317 homicidam
630 2253 700 2319 ficri
711 2272 778 2335 me,
793 2258 896 2337 Pater,
912 2257 1094 2338 compellis,

427 2376 522 2439 saepe
535 2359 609 2422 laxo
623 2359 776 2441 frigidus,
791 2360 886 2423 flebili
900 2361 1042 2445 rebellis,

428 2464 496 2544 ipse
507 2481 541 2528 se
556 2465 722 2547 dissecuit,
738 2467 808 2546 pius
821 2467 1004 2548 versipellis.

428 2591 459 2655 Si
472 2607 601 2655 veraces
612 2590 661 2653 sui
673 2594 748 2653 sunt
759 2596 947 2674 assertores,
963 2596 1078 2658 horum

428 2717 502 2762 vera
516 2701 564 2761 est
577 2715 672 2778 quam
685 2700 788 2762 relero
802 2699 899 2762 series
907 2700 1050 2780 rigorum
1065 2727 1073 2781 3

427 2818 501 2863 vere
514 2800 559 2863 rei
573 2800 705 2881 seriem,
720 2817 794 2863 vere
807 2817 875 2865 rem
886 2804 1045 2864 malorum
1068 2825 1071 2830 ·

428 2907 524 2985 longe
535 2904 623 2986 pinxi
638 2905 765 2986 parcius
775 2923 872 2986 quam
885 2925 949 2971 vox
963 2911 1166 2971 assertorum.

426 3035 501 3096 Mira
516 3036 575 3097 sub
588 3034 638 3096 his
651 3034 787 3114 parcitas
798 3038 893 3114 potus
904 3038 1000 3115 atque
1015 3035 1076 3098 cibi
1087 3084 1110 3117 ,.

427 3139 484 3201 sed
494 3140 580 3202 vetat
593 3137 728 3201 varietas
742 3137 890 3218 testium,
905 3133 1064 3219 inscribi,

308 3321 335 3376 (ll
346 3321 406 3365 Pour
415 3321 510 3364 octonae
516 3333 524 3371 ;
532 3329 560 3363 on
570 3329 598 3362 ne
607 3317 627 3361 le
635 3322 712 3360 trouve
720 3317 776 3360 lans
786 3318 818 3362 les
853 3318 872 3362 le
880 3319 975 3375 premier
985 3319 1115 3365 hemistiche
1125 3333 1138 3366 a
1149 3334 1192 3366 une
1199 3322 1283 3378 svllabe
1290 3323 1317 3367 de
1325 3323 1394 3368 moins

280 3381 440 3427 dictionnaircs
452 3391 497 3436 que
508 3391 594 3424 comum
605 3377 698 3422 nombre
710 3378 816 3422 cardinal.
853 3386 875 3425 ει
884 3393 912 3424 ne
924 3381 993 3425 torma
1004 3393 1080 3426 aucun
1089 3394 1140 3427 sens
1153 3383 1309 3440 raisonnable3
1324 3392 1392 3441 peut.

308 3444 336 3499 (a)
351 3441 477 3494 lntervalc;
491 3440 546 3484 c’est
565 3441 584 3485 le
602 3438 650 3484 seul
661 3439 760 3495 exemplo
773 3450 817 3495 que
853 3447 901 3488 atre
915 3441 992 3488 lant-il
1005 3443 1063 3488 lire:

277 3499 818 3556 nousconnaisslonsdeeettesignificatiommais
852 3529 951 3574 namen

280 3565 399 3610 Frontinus
409 3564 485 3609 delinit
496 3564 553 3608 ainsi
564 3561 735 3614 interstitium·
747 3563 817 3618 Quie-

274 3625 548 3744 pgppgpgpppe
563 3624 596 3670 ε’
610 3625 716 3669 trit
731 3625 817 3679 'teo
853 3605 1394 3722 ,ltlltttattrrltttfttltttttr

526 3758 531 3768 .
547 3757 552 3768 .
853 3740 932 3772 moen
950 3732 962 3772 a
1024 3741 1037 3773 a
1080 3729 1147 3773 'amai
1311 3746 1318 3775 :

279 3757 448 3873 Ellantur:
462 3756 676 3874 ,tatiana
689 3763 817 3864 aaa
1010 3732 1107 3846 liniue

275 3881 308 3926 lcl
320 3894 350 3925 un
360 3882 400 3936 jeu
414 3884 441 3925 de
452 3887 522 3925 mots:
537 3879 578 3925 Sol
588 3879 693 3936 signifiait
705 3880 815 3936 quelque·
851 3857 897 3897 ¹¹⁰³
907 3851 934 3896 ‘¹⁰
948 3852 977 3895 du
990 3851 1071 3907 Μεθ’

279 3943 320 3988 lois
341 3943 397 3987 dans
415 3943 435 3986 la
458 3943 530 3988 bonne
550 3942 634 3987 lauant
655 3940 816 3996 Moderatum,
879 3939 906 3994 (6)
921 3938 1090 3982 Probablement
1106 3937 1228 3986 Hebraeus
1249 3945 1284 3984 est
1300 3941 1351 3997 pris
1364 3941 1391 3986 ici

274 4003 391 4062 Saporem
405 4016 471 4060 voven
480 4005 594 4059 Terence,
606 4001 752 4056 Eunuchus,
766 4007 812 4046 unt.
851 3999 906 4044 dnus
929 4001 949 4044 le
967 4011 1018 4043 sens
1032 3999 1059 4042 de
1072 3997 1125 4043 Fila
1142 4001 1171 4044 de
1185 4000 1266 4055 Diem
1282 4002 1297 4045 il
1311 4009 1349 4048 est
1364 4015 1393 4047 au

281 4066 314 4110 lll
324 4097 331 4120 ‚
342 4077 375 4111 sc.
385 4077 409 4120 1,
420 4078 443 4110 v.
454 4071 482 4121 9,
496 4070 519 4110 ει
530 4064 644 4110 Cornelius
653 4063 740 4120 Nepos,
752 4064 816 4107 Atti·
851 4062 922 4106 moins
935 4060 986 4104 bien
1000 4057 1087 4104 difficile
1105 4062 1133 4105 de
1152 4068 1242 4106 trouver
1260 4075 1306 4108 unc
1320 4064 1394 4121 expli-

953 3533 998 3572 mla,
1009 3535 1097 3575 scripturn
1109 3540 1136 3567 est
1144 3541 1198 3576 quarn
1207 3540 1251 3568 sunt
1262 3535 1367 3570 indiscreta.

274 4139 334 4178 cue,
348 4131 384 4173 clv.
397 4139 455 4182 xur,
470 4140 518 4184 par.
529 4131 551 4170 2.
850 4121 1089 4218 catiouphllolofiiquc,
1100 4123 1131 4168 les
1141 4124 1257 4180 Septentcs
1265 4126 1394 4170 traduisent

320 4191 348 4244 lt)
363 4188 393 4240 Ge
408 4201 457 4234 vers
471 4195 505 4234 est
519 4187 665 4232 evidemmem
684 4199 815 4242 corrompu3
851 4185 937 4230 lletert
950 4196 991 4240 par
1027 4191 1116 4239 ερατης,
1131 4177 1255 4239 ΙΙεραιτης,
1269 4187 1393 4242 Passager.
