2892 4940
718 422 881 477 —106-

322 549 394 624 post
409 545 542 607 labentis
555 545 638 608 vitae
652 563 795 627 cursum,
811 550 881 626 post
892 545 996 608 earnis
1009 545 1126 625 dijugia
1142 551 1184 624 (l)

323 655 446 728 praesta
458 651 548 713 nobis
559 654 664 713 teeum
678 669 747 714 esse
760 653 793 714 in
807 651 935 714 coelesti
949 652 1048 731 patria
1063 657 1072 728 (
1096 657 1115 728 ).

324 793 449 852 Summe
460 793 560 870 pater,
576 791 655 852 coeli
668 794 783 870 rector,
799 790 852 870 qui
866 789 981 852 essina
995 794 1155 871 tempore,

325 895 375 957 eui
389 913 454 956 non
466 898 514 956 est
526 894 651 974 pietatis
664 895 779 956 modus
793 913 851 957 nee
864 895 1067 975 elementiae,
1245 881 1247 886 ¹

325 1003 356 1060 te
370 999 510 1077 personis
523 1001 593 1063 eolo
605 999 724 1063 trinum
738 999 834 1062 unius
846 1001 1049 1062 substantiae.

325 1143 369 1200 Tu
384 1156 417 1200 es
429 1121 527 1219 pater,
543 1143 625 1201 Deus
638 1155 731 1201 verus
743 1165 751 1218 3
770 1143 851 1200 Deus
865 1141 940 1199 tuus
953 1137 1155 1218 unigenitus,

324 1247 364 1306 ab
378 1244 519 1324 utrisque
530 1249 579 1307 est
591 1243 766 1325 proeedens
780 1248 862 1305 Deus
877 1241 1152 1322 SanetusSpin'tus
1167 1273 1174 1323 3

325 1352 388 1410 tres
401 1365 570 1430 personae,
584 1367 668 1411 unus
681 1353 781 1428 Deus,
798 1348 923 1410 cunetis
937 1347 982 1410 sie
995 1346 1207 1409 credentibus,

322 1489 390 1546 Ate
403 1488 518 1547 cuneta
532 1503 675 1566 quaeque
689 1486 800 1548 vivunt
814 1485 997 1547 animantur
1013 1503 1144 1565 corpora
1158 1511 1165 1564 3

322 1606 466 1667 quaeque
478 1589 556 1651 coeli
572 1593 667 1668 atque
681 1593 783 1652 terrae
797 1593 927 1652 manent
940 1589 1023 1651 inter
1036 1589 1155 1671 spatia,

323 1695 359 1754 tu
373 1696 549 1775 gubernas,
566 1697 602 1756 tu
617 1694 771 1776 disponis,
786 1700 884 1777 tuque
897 1695 981 1774 regis
994 1693 1110 1757 omnia.

323 1833 414 1892 Velut
426 1833 475 1894 lae
488 1831 598 1894 matris
612 1833 645 1895 in
663 1835 768 1897 alvum
782 1852 832 1896 me
845 1833 998 1913 mulsisti,
1013 1830 1161 1911 Domine,

323 1936 462 2016 ossibus,
477 1936 581 2000 nervis
596 1941 796 2017 eompaetum
814 1938 918 2000 earnis
933 1954 1006 1999 eum
1018 1934 1191 2014 velamine,

322 2059 438 2122 eorpus
451 2060 559 2104 meum
573 2043 730 2121 inspirasti
745 2042 809 2104 vita
824 2047 880 2104 tuo
894 2043 1036 2104 flamine·

322 2184 396 2242 Post
408 2198 523 2242 novem
535 2197 660 2241 menses
674 2183 818 2241 materna
832 2181 938 2242 nudus
954 2180 1031 2260 liqui
1045 2181 1166 2244 viscera

323 2287 355 2345 et
370 2284 493 2346 duobus
507 2281 598 2346 annis
613 2283 717 2345 infans
731 2283 802 2345 suxi
818 2284 928 2346 matris
942 2286 1061 2366 ubera,

324 2384 406 2446 heu!
423 2383 579 2463 inquibus
591 2385 699 2465 plura,
715 2387 813 2465 Deus,
829 2386 936 2464 peregi
952 2386 1103 2450 facinora.

324 2525 464 2600 Namque
476 2521 573 2600 patris
587 2523 709 2584 vultum
725 2522 794 2601 spui
810 2521 892 2583 earis
907 2521 939 2583 in
955 2523 1169 2604 amplexibus,

323 2626 433 2688 matris
448 2644 545 2705 genas
559 2626 693 2690 laceravi
708 2627 812 2705 parvis
826 2626 905 2688 meis
919 2626 1098 2709 unguibus,

325 2733 357 2793 et
370 2749 519 2811 persaepe
534 2749 682 2794 somnum
697 2731 741 2794 eis
755 2731 858 2793 ademi
872 2731 1040 2810 vagitibus.

324 2875 359 2930 ln
370 2873 402 2931 te
415 2887 505 2931 sacro
517 2872 605 2934 sonte
616 2841 719 2952 lotus,
735 2871 838 2932 lactus
852 2870 970 2950 absque
983 2849 1109 2932 macula
1122 2917 1130 2951 ,

324 2975 420 3037 fidem
434 2974 489 3036 tihi
501 2993 690 3038 conservare
703 2972 858 3054 spopondi
873 2991 928 3054 per
946 2975 1095 3055 saecula,

325 3095 420 3155 quam
433 3077 542 3141 infelix
552 3079 682 3157 violavi,
700 3097 765 3141 non
779 3082 852 3158 post
866 3080 965 3140 multa
980 3081 1131 3158 tempora.

326 3220 495 3296 Postquam
510 3234 580 3278 sum
594 3235 673 3297 puer
687 3217 838 3296 ellectuS,
858 3217 969 3280 relicta
984 3216 1134 3295 infantia,

327 3339 403 3383 mox
417 3320 456 3382 de
469 3321 573 3400 parvis
588 3321 629 3381 ad
643 3323 764 3400 majora
778 3320 904 3385 cucurri
920 3320 1059 3383 facinora
1073 3347 1081 3401 3

328 3444 442 3506 eorpus
455 3429 547 3487 tunm
561 3423 717 3505 perjuravi
734 3427 828 3503 atque
840 3427 950 3486 saneta
964 3425 1111 3487 nomina.¹

330 3570 407 3629 Cum
420 3567 543 3628 latrone
553 3564 598 3627 fui
612 3566 711 3643 latro,
728 3564 825 3626 falsus
842 3579 915 3625 oum
930 3563 1094 3644 lalsidioo3

282 3785 310 3845 (l)
324 3785 476 3841 Disjonetion‚
495 3785 638 3842 separatum
657 3796 683 3828 ee
697 3789 757 3834 root,
774 3783 793 3826 le
829 3783 928 3840 emplope
942 3784 997 3827 dans
1017 3796 1043 3828 ce
1064 3793 1114 3828 sens
1129 3793 1173 3836 qne
1190 3795 1231 3840 par
1244 3786 1365 3829 extension.

256 3849 366 3893 contraire
379 3849 407 3892 do
422 3846 574 3903 Confupium,
589 3858 685 3901 manque
704 3845 758 3888 dans
771 3843 792 3888 la
855 3845 885 3899 [a]
900 3845 960 3889 Nous
970 3844 1054 3889 seriens
1063 3842 1122 3888 lente
1131 3843 1158 3886 de
1174 3846 1245 3889 eroire
1256 3858 1302 3900 que
1311 3846 1367 3890 l’an-

256 3909 356 3954 nouvelle
367 3907 448 3952 edition
467 3908 493 3950 de
511 3908 540 3951 du
558 3907 647 3962 Gange;
666 3906 723 3949 mais
739 3917 792 3960 onv
830 3912 878 3949 taur
892 3907 953 3950 avait
963 3906 999 3950 lini
1014 3907 1043 3950 ici
1060 3916 1099 3949 son
1113 3909 1190 3959 poema
1202 3918 1240 3949 sur
1254 3907 1276 3950 la
1289 3907 1366 3951 Vanile'

256 3977 333 4016 trouve
343 3969 447 4026 Jupiter,
463 3970 529 4022 Unis‚
544 3974 565 4012 et
579 3980 633 4012 nous
646 3979 738 4024 erovons
750 3979 793 4021 que
829 3967 858 4010 du
869 3967 959 4022 monde,
971 3973 993 4011 el
1008 3967 1083 4023 quale
1095 3965 1167 4011 scribe
1181 3980 1194 4022 y
1207 3979 1219 4010 a
1237 3969 1313 4022 ajoute
1325 3982 1365 4012 une

257 4035 288 4076 les
304 4031 443 4076 Benedictins
459 4037 497 4074 ont
511 4028 554 4072 mal
568 4029 671 4086 expliqnt
682 4029 793 4084 sapitas,
829 4028 901 4084 priere
914 4029 966 4072 dont
982 4029 1002 4072 le
1020 4027 1122 4082 rhythmo
1133 4033 1166 4071 est
1179 4027 1199 4072 le
1214 4033 1300 4083 meme,
1313 4031 1366 4074 mais

258 4106 298 4147 par
317 4092 468 4142 Diuturnilas‚
493 4091 650 4145 Perpetuitas3
668 4091 681 4132 il
704 4091 740 4132 n'a
759 4091 794 4132 e'te
830 4091 881 4133 dont
893 4090 912 4132 le
924 4089 980 4144 style
991 4095 1024 4134 est
1035 4089 1150 4144 beaucoup
1160 4089 1230 4132 moins
1241 4091 1351 4147 poetique.
