2902 4940
565 477 675 532 -lsa
700 505 725 515 -

229 604 260 662 et
273 601 368 663 modo
379 601 509 680 quilibet
524 604 565 678 (1)
579 603 721 663 tractans
734 602 861 680 negotia

228 708 396 771 mercando
410 707 536 787 cogitur
549 708 596 770 uti
611 707 734 770 fallacia
747 713 801 783 (ἓ).

229 843 282 902 Est
292 842 389 904 stulta
408 841 522 904 mulier
534 844 567 904 et
581 857 703 920 semper
714 842 758 920 (³)
770 841 872 920 varia,

228 946 269 1007 ad
281 948 379 1009 rnulta
395 947 435 1026 (l)
452 947 573 1028 rapitur
586 963 642 1026 per
656 945 829 1028 desideria3

227 1052 254 1113 si
267 1052 315 1116 vir
327 1070 392 1116 nou
404 1053 526 1118 dederit
537 1052 745 1130 sufficientia,

228 1175 263 1220 se
276 1161 376 1222 totam
389 1159 500 1239 polluit
512 1173 570 1240 per
588 1157 753 1222 adulteria.

229 1292 307 1352 vere
321 1288 505 1369 conjugium
516 1293 564 1352 est
579 1305 701 1352 summa
717 1289 869 1371 servitus,

229 1395 347 1475 duplex
360 1396 507 1476 angustia
519 1397 623 1459 carnis
637 1399 669 1459 et
683 1395 828 1478 spiritusp

231 1500 386 1564 sichomo
399 1499 536 1564 trahitur
547 1502 630 1564 sicut
642 1503 700 1564 bos
713 1502 871 1582 vinditus3

232 1609 269 1670 ut
280 1608 343 1684 (sit)
355 1610 507 1689 perpetuo
522 1606 623 1670 dolori
643 1607 788 1670 subditus
802 1614 855 1684 (5)

231 1739 291 1814 Qui
307 1737 394 1802 ducit
408 1739 580 1817 coniugem
592 1739 632 1802 ad
641 1742 756 1819 jugum
770 1737 897 1804 ducitur

229 1847 285 1926 et,
299 1862 435 1924 poenam
449 1844 589 1906 sentiens
601 1847 634 1924 (l.
651 1845 825 1928 nesciens),
837 1847 879 1910 ad
889 1863 1024 1928 poenam
1035 1851 1178 1934 vebitur3

233 1954 270 2013 ut
281 1967 405 2030 semper
422 1950 558 2030 serviult)
570 1967 681 2016 servus
694 1952 847 2035 edicitur,

232 2074 294 2118 nec
306 2059 375 2135 ejns
388 2055 523 2120 servitus
536 2058 822 2134 exterminabitur(
845 2065 865 2135 ).

231 2194 272 2255 Ut
284 2193 387 2254 vestes
401 2189 516 2253 babeat
528 2187 650 2272 quaerit
663 2189 841 2256 adulterum
854 2243 861 2268 ,

230 2301 284 2378 ct,
298 2300 334 2360 ut
346 2297 511 2377 refrigeret
524 2297 670 2362 ardorem
683 2298 860 2379 viscerum,

230 2405 301 2466 tota
317 2404 521 2468 succenditur
533 2418 641 2468 amore
655 2419 824 2468 munerum

227 2508 414 2589 spernitque
424 2509 540 2574 misera
553 2507 703 2573 maritum
717 2509 867 2575 miserum
880 2517 935 2588 (7).

230 2642 316 2706 Petit
328 2641 490 2704 licentiam
504 2655 587 2704 uxor
600 2637 743 2704 adultera
756 2643 788 2722 (l.
805 2641 946 2723 nelarie),

230 2751 272 2811 ut
285 2748 381 2810 vadet
393 2759 546 2826 peraegre
558 2761 615 2825 per
629 2746 834 2829 monasteria,

230 2857 286 2935 et,
299 2856 384 2916 tecta
397 2852 569 2932 sublglens
582 2851 825 2931 prostribunalia
839 2854 872 2928 (l.
887 2853 1135 2939 prostibularia),

233 2961 309 3042 plus
322 2958 389 3040 ipsa
402 2959 542 3022 celebrat
553 2967 651 3038 quam
663 2957 855 3021 sanctuaria.

130 3166 156 3212 dt
168 3161 197 3205 Et
210 3173 257 3206 non
271 3159 377 3216 legitime.
702 3158 731 3206 (³)
746 3160 837 3219 Semper
848 3168 881 3207 el.

131 3243 156 3284 (2)
166 3253 204 3285 le
212 3252 251 3286 elbi
261 3251 330 3284 sufflolr
340 3251 369 3283 vir
377 3250 485 3291 opererlue,
703 3240 733 3282 (Ᾰ)
747 3237 777 3281 Ε)
790 3239 869 3284 mulla.

166 3294 562 3378 gigufsstrffiffifffflfffflire„
701 3319 731 3362 llil
746 3315 808 3363 Gette
819 3319 909 3376 strophe
919 3329 943 3364 se
953 3326 1032 3365 trouve
1043 3319 1159 3378 beaucoup
1166 3323 1215 3380 plus

167 3382 525 3425 tunefflsswomenudolortsflltue-
675 3375 718 3420 loiu
730 3379 785 3424 daus
806 3380 902 3426 l’editrou
921 3382 948 3428 de
966 3383 997 3428 ll.
1009 3380 1111 3438 Wrissbu
1129 3383 1186 3428 mals
1199 3384 1214 3428 il

169 3445 231 3478 mser
239 3444 332 3478 leborlbu·
340 3443 506 3484 uniamus,
675 3449 731 3483 nous
745 3439 827 3486 semble
838 3441 915 3488 inutile
929 3441 1052 3500 d’lndlquer
1063 3441 1095 3486 les
1103 3443 1213 3489 diberen-

168 3487 525 3574 ffuo‘ffiffiffivffiffiffiq‘m
675 3509 713 3544 0⁰⁵
726 3503 764 3556 (lui
776 3516 805 3548 ue
818 3510 906 3558 portent
916 3515 961 3561 que
972 3516 1011 3550 eur
1021 3502 1100 3549 l’oedre
1110 3505 1149 3550 des
1160 3517 1214 3550 cou-

168 3575 474 3618 eterulnelplerutleeltnodle.
675 3561 741 3616 plets.

169 3635 566 3721 ll¹.ltlfilti⁰l:lll·lltltiffl¹”¹⁸‘²
702 3643 732 3684 <o
750 3639 813 3686 cere
832 3643 921 3698 empne
940 3643 988 3687 onir
1007 3644 1062 3689 cans
1074 3643 1170 3690 rooruon
1184 3643 1211 3690 ue

169 3730 191 3760 ῃ(
198 3729 263 3766 pum
271 3728 370 3768 conjugem
379 3732 434 3765 qum
445 3732 540 3764 nunqnam
549 3726 617 3766 samu
677 3701 707 3747 lt
721 3700 809 3758 Wrigbt
822 3715 862 3759 par
874 3715 912 3748 ees
922 3704 980 3748 deux
991 3718 1060 3752 rere:

169 3771 235 3803 Golles
243 3771 299 3812 igitur
307 3778 383 3804 uxorem
392 3765 464 3808 fugiet!
746 3785 821 3809 uxorem
830 3777 904 3817 capiens
913 3779 955 3817 plue
961 3779 1000 3820 lpee
1009 3780 1085 3821 oepltaar.

169 3831 382 3871 praesupponendum
389 3828 498 3868 namnum
746 3822 959 3862 ntmwrnrorwrvlem
968 3832 1032 3857 urvu·
1041 3825 1125 3858 effletur·

169 3871 527 3959 ffifffflffffssuffussffissffffl
702 3891 731 3934 (7)
753 3887 789 3933 on
809 3886 834 3931 lit
854 3889 919 3944 apres
938 3889 993 3934 dane
1011 3889 1107 3935 l’edltiou
1130 3889 1157 3933 de
1180 3887 1214 3936 lt.

170 3965 200 3998 hlo
209 3972 288 4003 eaqueus
296 3964 379 4004 loqultur
390 3961 417 3993 ele
426 3961 448 3992 de
457 3961 551 4001 conjuglo.
676 3947 762 4004 Wright
773 3961 780 3994 2

113 4027 129 4070 ll
141 4041 193 4072 nous
204 4026 286 4072 semble
298 4024 421 4081 impossible
434 4025 460 4068 de
472 4036 499 4069 ne
511 4035 552 4081 pas
561 4035 641 4070 recon—
741 4023 782 4055 ⁰¹1⁰
791 4024 895 4056 russelun
903 4025 965 4057 marm
974 4025 1072 4066 (Μή).

111 4090 177 4134 ualtre
199 4089 227 4134 de
247 4087 341 4144 gruudm
360 4087 491 4131 differendos
515 4090 579 4130 entre
603 4095 641 4129 ces
741 4069 1113 4154 fflffifflffissffinssffiffiffi'

112 4151 205 4206 conplete
217 4157 241 4195 ct
253 4150 273 4194 le
287 4153 344 4193 reete
357 4148 384 4193 de
398 4145 502 4201 lapidee.
745 4157 779 4188 noe
788 4157 820 4189 uae
829 4157 921 4198 sonmo.
934 4155 1101 4192 mansuescerent.
