2908 4942
559 450 722 505 -311-

234 566 352 640 Quibus
363 569 479 633 auditis
492 585 701 638 susurronum
714 573 825 655 dictis,
915 619 917 624 -

234 686 292 732 rex
305 671 507 754 Eldefonsus,
523 676 626 737 tactus
636 676 704 739 zelo
719 675 842 756 cordiS,

234 774 364 854 perdere
377 775 492 842 timens
505 777 619 841 solium
633 778 780 860 honoris,

353 899 449 944 causa
467 881 606 963 amans,

234 1014 365 1075 Omnem
379 1030 519 1076 amorem
532 1014 565 1078 in
578 1014 658 1080 iram
671 1015 844 1095 convertit,

234 1118 417 1181 occasiones
430 1121 542 1182 eontra
555 1138 628 1184 eum
642 1120 785 1201 quaerit,

196 1269 202 1280 .
235 1224 400 1289 obiciendo
413 1243 469 1305 per
480 1244 582 1306 panea
595 1245 678 1308 quae
692 1226 798 1307 novit,

352 1332 442 1411 plura
455 1350 537 1413 quae
549 1333 651 1397 nescit
663 1338 717 1410 (t).

233 1465 327 1528 lubet
340 1468 453 1528 eterra
466 1465 570 1529 virum
584 1467 714 1530 exulare
730 1493 738 1527 ε

234 1572 309 1635 binc
320 1572 423 1652 coepit
435 1571 501 1652 ipse
514 1575 638 1636 Mauros
650 1572 823 1652 debellare,

231 1675 471 1757 (lllispaniarum
485 1676 604 1756 patrias
616 1678 758 1758 vastare,

351 1783 446 1844 urbes
459 1781 587 1860 delere(
609 1785 629 1854 ).

234 1917 328 1976 Fama
339 1913 482 1995 pervenit
493 1913 526 1976 in
541 1914 660 1976 curiam
673 1914 758 1994 regis

232 2020 320 2098 quod
333 2019 576 2100 Campi-Doctum
592 2019 738 2098 agarioae
752 2019 857 2098 gentis

233 2125 350 2204 optima
365 2142 511 2206 sumens,
527 2125 632 2187 adhuc
646 2128 736 2205 parat
749 2124 794 2187 eis

252 2287 254 2292 ,
351 2233 498 2312 laqueum
511 2230 632 2294 mortis.

231 2367 328 2430 Nimis
341 2367 440 2430 iratus
449 2367 556 2447 iungit
569 2368 747 2448 equitatus3

232 2474 276 2538 illi
288 2477 379 2554 parat
390 2477 526 2537 mortem
536 2474 597 2537 nisi
610 2473 651 2536 sit
664 2477 777 2538 cautus
790 2479 849 2556 (3),
1159 2521 1165 2546 .

117 2697 143 2753 tt)
159 2697 193 2744 on
213 2697 239 2741 ltt
260 2693 317 2738 dans
337 2691 357 2737 le
376 2695 458 2738 aaaant
476 2689 564 2735 resume
579 2703 624 2748 que
657 2693 766 2750 premiere
779 2693 807 2738 de
816 2694 837 2739 la
850 2695 1003 2743 malvelllanea
1015 2693 1128 2745 alarona
1138 2701 1198 2746 vll:

95 2757 123 2802 ll.
137 2757 255 2804 deabbaab
273 2766 288 2799 a
304 2753 344 2798 tait
364 2754 403 2799 des
419 2752 535 2798 traditione
550 2763 589 2796 sur
605 2752 624 2798 le
659 2755 759 2810 Cumque
773 2754 846 2800 nullus
864 2761 937 2812 esset,
957 2759 997 2814 qui
1016 2759 1196 2814 tutamentum

95 2816 128 2862 Gid
140 2819 246 2864 :Sanctio
260 2817 399 2871 interempto,
413 2814 531 2868 Attonsae,
546 2813 569 2856 ln
580 2825 624 2869 pa-
657 2827 711 2871 rege
724 2815 816 2862 auderet
829 2818 941 2874 aoelpere,
954 2820 1083 2876 suprafatus
1098 2821 1197 2867 lloderl-

95 2879 154 2924 trlam
169 2881 256 2931 redux,
275 2876 370 2933 legione
382 2875 477 2931 (Leon),
498 2874 550 2920 aeda
562 2873 624 2930 regia
659 2887 700 2921 oua
712 2877 805 2930 Didoni,
818 2879 881 2922 miles
892 2881 1007 2934 strenuae,
1019 2882 1195 2935 iuramentuma

94 2941 169 2992 potitus
181 2946 222 2986 est.
234 2937 343 2986 castellae
357 2948 410 2981 vero
424 2941 550 2993 magnates,
565 2947 625 2980 eun·
658 2948 711 2992 rege
732 2938 827 2993 aceepit.
848 2939 989 2994 Quapropter
1012 2951 1054 2986 rex
1073 2941 1198 2986 Adelousur

94 2998 138 3046 dem
157 3013 201 3046 non
221 3011 271 3046 assa
291 2998 353 3056 prius
380 3009 454 3053 regem
474 2998 624 3056 recipiendum
658 3009 746 3052 semper
761 2997 838 3042 babuit
856 3010 961 3054 axosum3
979 2999 1068 3052 Lucas,
1090 3002 1198 3048 diaconus

93 3060 235 3108 decreverunt
248 3073 333 3116 quam,
351 3070 375 3104 se
396 3059 521 3114 nesciente,
540 3057 624 3104 Sanadi
658 3057 770 3114 tudensis,
794 3058 938 3116 Cltrom'aon,
950 3073 972 3117 p.
983 3065 1039 3116 1003
1051 3061 1196 3109 danaSeliot-

95 3124 179 3168 oaedem
198 3127 350 3180 perpetratam
375 3120 520 3176 iureiurando
542 3118 625 3166 oondr-
658 3124 707 3174 tua,
728 3119 861 3176 Hitpaaa'ae
880 3119 1016 3167 illustratae
1037 3128 1054 3167 t.
1075 3123 1118 3168 lv.
1141 3123 1197 3170 Cum

95 3191 177 3230 nasset.
191 3183 292 3231 Gaoterlt
305 3181 457 3227 dubitantibus
469 3187 538 3238 atque
552 3193 625 3227 auno-
659 3193 724 3226 nemo
734 3181 799 3226 vellet
808 3182 837 3226 ab
847 3195 874 3228 eo
888 3182 1013 3240 (ildefonso)
1023 3186 1124 3242 realpere
1135 3187 1199 3242 jura·

95 3245 186 3290 lantibus
203 3244 361 3301 praetimore,
376 3254 464 3287 noeam
481 3243 625 3289 metatorem
659 3249 773 3295 mentum,
793 3245 820 3288 ad
836 3244 988 3300 recipiendum
1002 3257 1026 3290 ae
1040 3245 1120 3292 obtullt
1136 3247 1197 3293 solue

94 3307 148 3360 apud
160 3319 236 3362 regem
247 3306 333 3361 gratia,
346 3305 423 3360 Gldus,
442 3305 533 3350 minime
547 3305 624 3350 baesi-
658 3305 864 3352 Roderiousllidaai
873 3305 1075 3363 Complatonllnde
1083 3314 1197 3366 etpostaa,

96 3370 154 3422 una,
169 3369 192 3412 in
204 3366 302 3412 medium
315 3367 464 3424 processum,
478 3379 523 3422 qua
533 3368 556 3412 in
568 3379 624 3412 oae-
659 3367 709 3410 lioet
720 3373 835 3419 strenuus,
848 3379 892 3412 non
904 3367 945 3412 luit
958 3369 981 3413 in
999 3370 1048 3425 ejus
1059 3371 1129 3415 oeulis
1141 3382 1198 3427 gra·

96 3428 144 3473 teria
156 3429 225 3474 animi
235 3429 384 3486 magnitudine
396 3429 428 3473 uti
440 3428 536 3483 solebat,
550 3428 625 3473 Alton·
659 3427 743 3485 tiosas3
767 3427 891 3473 lloderious
912 3431 1038 3482 toletanus,
1065 3431 1098 3476 lle
1122 3431 1196 3477 retae

96 3498 140 3532 sum
149 3490 221 3534 verbis
232 3491 346 3546 eoaoeptis
353 3491 430 3546 jurare
442 3491 547 3546 eompullt
556 3495 624 3546 atque
659 3489 805 3546 Hispaniae,
819 3489 834 3533 1.
848 3501 879 3546 rr,
891 3490 926 3536 ab.
936 3495 971 3536 2¹.
986 3491 1016 3536 Le
1026 3490 1146 3536 aaronica
1159 3493 1200 3541 det

95 3548 149 3595 diras
163 3551 185 3595 in
199 3553 247 3606 ejus
261 3558 329 3608 eaput
342 3551 424 3596 addidit
440 3551 624 3608 impreoationes,
660 3548 715 3602 eid,
737 3552 773 3596 ab.
792 3563 898 3606 axxxrx,
922 3551 1019 3598 attribue
1034 3553 1048 3598 t
1066 3564 1111 3598 uae
1132 3559 1197 3612 aptae

96 3609 113 3652 al
130 3611 203 3656 tratrls
228 3614 307 3658 eaedes
333 3613 402 3670 ipsius
426 3612 516 3658 oonsilio
536 3617 624 3668 patrata
660 3622 727 3656 eausa
742 3624 768 3656 aa
779 3612 875 3669 premier
887 3613 930 3656 exit
941 3613 971 3658 du
981 3612 1028 3657 Gid.

96 3678 158 3718 asset.
182 3673 261 3730 ltaque
283 3675 348 3720 simul
369 3675 453 3720 Altoasl
473 3675 625 3730 juramentum
686 3672 713 3728 llll
728 3673 747 3716 ll
760 3673 843 3718 semble
854 3674 947 3719 resulter
958 3674 985 3719 de
997 3686 1023 3720 aa
1033 3675 1121 3734 eouplet
1132 3680 1155 3722 et
1165 3675 1196 3720 du

97 3735 189 3791 aoeepit,
213 3735 251 3780 sed
273 3736 341 3780 etiam
361 3736 475 3792 poposcit,
499 3739 524 3778 ut
544 3747 585 3780 rex
603 3735 625 3780 ld
659 3733 758 3786 suivant,
777 3747 822 3790 que
835 3734 952 3791 Ruylliaz
966 3735 1152 3794 semrattveagt
1166 3737 1194 3781 de

97 3796 296 3848 repetentum
310 3807 392 3849 eausa,
408 3802 519 3841 utrarum
533 3801 625 3840 eventus
659 3794 775 3850 l'iajustioe
798 3795 930 3853 d’Alphonae
954 3807 983 3841 aa
1006 3803 1128 3855 ravageant
1155 3809 1196 3843 son

98 3861 168 3907 postea
179 3856 314 3912 declaravit,
327 3869 368 3902 rex
383 3858 493 3902 ltodertoo
504 3855 625 3901 latasdasi-
659 3867 779 3912 royaume,
794 3857 850 3902 mats
867 3869 923 3902 nous
939 3856 1031 3903 n'avons
1050 3858 1099 3903 rien
1119 3871 1148 3903 vu
1167 3860 1195 3904 de

99 3923 157 3972 mus,
170 3918 287 3963 oaeaslone
298 3919 365 3974 data,
379 3919 405 3964 de
419 3919 519 3966 insolenti
535 3929 625 3975 proaera
659 3917 794 3973 semblable,
808 3917 830 3962 ni
844 3919 899 3964 dans
912 3918 1038 3976 lespoestee
1054 3919 1195 3980 aspagaolet,

99 3984 176 4028 menas
196 3991 284 4024 sumere
297 3981 408 4032 demerita
426 3981 460 4026 Da
480 3980 536 4026 Cida'
548 3979 626 4024 tiata-
659 3979 681 4022 nl
693 3979 747 4023 dans
762 3980 793 4024 les
807 3979 948 4036 abronlques.

97 4035 146 4080 atae
159 4037 277 4094 faattbaa,
292 4053 314 4097 p.
323 4046 344 4086 a.
359 4041 402 4086 Les
412 4039 523 4084 derivatas
534 4038 565 4083 les
576 4037 625 4093 plus
685 4041 714 4096 (5)
733 4039 791 4085 c’est
803 4040 825 4086 la
840 4043 901 4087 seule
918 4042 975 4098 ligne
992 4043 1031 4099 qui
1051 4053 1148 4100 maraque
1168 4043 1196 4088 de

98 4096 243 4157 airaonapeeta
265 4101 402 4150 a’aoeardent
422 4112 460 4148 sur
477 4105 536 4146 eette
559 4111 626 4145 eausa
661 4101 739 4147 obsura
748 4102 813 4158 apres
826 4103 987 4161 la'ainquitme
1000 4103 1093 4160 tpllabe,
