2892 4940
738 519 897 573 —130-

403 641 526 702 Nullum
540 641 729 722 corripiunt,
748 642 906 722 castigant
919 641 1075 704 neminem
1088 691 1096 722 ‚

402 748 585 828 nullumque
598 752 773 827 provocent
785 748 827 810 ad
839 746 1075 827 poenitentiam.

440 857 498 916 Per
511 853 672 916 usurarios
686 858 750 917 Deo
762 852 911 934 odibiles,

401 961 489 1022 luero
501 959 654 1039 pecuniae
667 959 877 1040 insatiabiles,

400 1064 493 1126 Fiunt
505 1066 537 1128 in
551 1067 680 1130 saeculo
692 1065 831 1128 maxima
845 1065 996 1146 orimine3

398 1169 535 1248 perillus
548 1171 672 1250 plurimi
683 1174 821 1252 pergunt
832 1171 874 1234 ad
887 1175 1027 1236 Tartara.

399 1278 446 1337 Ob
458 1277 649 1342 desiderium
661 1296 740 1342 suae
752 1278 906 1357 pecuniae

397 1400 492 1461 quam
506 1400 630 1462 semper
640 1381 753 1448 sitiunt
765 1383 871 1450 usuris
884 1401 1044 1463 creseere,

398 1489 580 1567 Expoliatae
593 1491 669 1552 sunt
679 1490 786 1568 plures
798 1490 968 1570 eeclesiam

397 1594 439 1654 ad
451 1611 657 1674 quascunque
669 1596 776 1658 valent
787 1596 820 1669 (l.
831 1598 975 1664 voluntll
985 1613 1099 1660 manus
1113 1596 1286 1673 imponere.

396 1699 487 1779 Rapti
501 1703 576 1762 sunt
589 1699 703 1764 oalioes
716 1703 750 1764 et
761 1718 873 1764 eruces
886 1702 1040 1782 optimae,

396 1807 538 1887 tentique
551 1807 656 1888 aurei,
677 1809 710 1870 et
722 1808 826 1872 bonae
838 1809 984 1890 tabulae3

396 1913 494 1977 Simul
508 1915 631 1976 ablatae
644 1915 720 1976 sunt
732 1915 895 1994 pluteuae,
916 1914 1009 1994 pallia
1022 1963 1031 1994 ‚

398 2019 487 2080 albae
500 2023 533 2080 et
546 2021 669 2098 tapeta,
684 2019 799 2098 stolae,
815 2018 952 2082 dorsalia
964 2021 1017 2098 (1).

398 2124 443 2186 llli
462 2124 639 2204 maledicti,
660 2128 813 2204 tanquam
829 2125 1014 2206 hydropiei,

398 2249 514 2294 munus
528 2230 670 2294 sitientes
683 2233 828 2295 conferre
840 2231 981 2311 muneri,

398 2340 561 2402 Nullorum
573 2356 748 2418 pauperum
761 2341 894 2418 parcent
905 2337 1038 2418 inopiis,

398 2443 451 2524 qui
465 2448 599 2524 pareunt
613 2444 741 2508 minime
757 2443 875 2508 sanetis
886 2443 1037 2507 ecelesiis.

397 2556 456 2614 Per
469 2551 539 2614 illos
552 2555 621 2614 orta
633 2554 708 2613 sunt
721 2552 901 2630 frequenter
915 2548 1005 2630 odia,

402 2661 497 2738 atque
510 2657 705 2738 frequentius
717 2656 788 2720 lites
801 2659 833 2719 et
845 2655 980 2736 praelim

400 2769 457 2830 Per
470 2767 529 2827 hos
541 2764 726 2828 multotiens
737 2763 773 2826 iit
784 2761 1008 2842 homicidium,

399 2875 431 2934 et
444 2871 596 2935 mentitur
606 2871 701 2953 tideo,
713 2871 812 2951 fitque
825 2868 1009 2950 perjurium.
1076 2907 1079 2914 ·

400 2979 435 3042 lli
450 2981 528 3042 tales
542 2979 703 3060 homines,
717 2976 799 3042 servi
811 2976 980 3058 pecuniae,

401 3086 522 3149 Domini
537 3086 611 3148 laeti
623 3088 698 3148 sunt
708 3101 844 3163 magnae
855 3083 1035 3162 provinciae
1048 3109 1056 3164 3

400 3192 436 3255 lli
450 3211 508 3272 pro
519 3194 599 3254 velle
610 3209 669 3253 suo
682 3190 845 3270 possident
858 3191 1032 3269 saeculum,

401 3312 599 3375 egenumque
614 3293 672 3356 sibi
686 3295 860 3373 subjugant
870 3295 1032 3373 populum.

402 3401 454 3464 llis
466 3418 575 3482 reges,
593 3397 749 3479 principes
761 3416 818 3477 per
830 3416 924 3461 omne
936 3403 1097 3468 saeculum

402 3525 497 3588 super
507 3504 724 3587 pauperrimos
735 3506 886 3584 praebent
900 3506 1097 3592 dominium,

403 3616 475 3678 Illos
489 3613 733 3694 amplectuntur,
754 3609 822 3672 illos
837 3611 1060 3696 magnificant,

402 3726 435 3785 et
447 3719 680 3796 veneranturtl.
690 3721 854 3793 venerant)
865 3735 919 3782 eos
930 3720 1021 3799 quasi
1037 3722 1224 3802 pertineant.

290 3941 319 3995 (tl
334 3937 364 3984 Ge
382 3942 428 3980 mot
441 3927 587 3991 „uppartient
605 3944 645 3988 pas
660 3931 674 3976 d
690 3931 710 3974 la
729 3931 801 3976 bonne
835 3935 850 3978 l.
865 3946 884 3986 ι,
900 3934 936 3979 ola.
952 3947 988 3986 ιιι,
1004 3948 1051 3991 par.
1069 3941 1103 3982 2³.
1125 3938 1169 3983 Par
1185 3952 1229 3984 une
1249 3943 1375 3998 corruption

264 4002 364 4054 induite,
379 3998 436 4044 mais
449 3995 595 4052 l’explieation
614 3993 642 4038 de
658 3993 756 4038 durandi
773 4005 801 4038 ns
836 3994 950 4051 frequente
963 4007 991 4042 on
1002 3998 1066 4042 disait
1080 3999 1140 4044 aussi
1155 4000 1263 4057 munte,
1275 4010 1300 4048 et
1311 3999 1376 4048 Dosel

266 4066 330 4110 luisse
343 4063 391 4107 rien
408 4061 422 4106 d
439 4059 523 4102 desiror
538 4068 578 4100 sur
590 4067 615 4100 sa
634 4052 778 4110 signification
794 4067 800 4098 ι
836 4070 849 4100 a
865 4061 972 4103 conserve
990 4060 1009 4104 la
1021 4063 1092 4104 memo
1106 4061 1253 4118 signification
1264 4077 1295 4110 en
1309 4077 1374 4121 esp..

266 4124 366 4170 Dorsalia
377 4126 430 4166 sunt
445 4119 512 4177 puori
531 4118 553 4162 in
570 4117 637 4162 ehoro
652 4114 771 4171 pendentes
786 4128 799 4159 a
834 4121 892 4175 gnon

265 4189 330 4232 dorso
342 4184 486 4231 elericorum:
499 4177 622 4224 ilatiooola
633 4177 715 4220 divini
722 4177 800 4233 officii,
