2908 4942
576 472 741 530 -ste-

150 631 154 638 ·
177 598 338 678 egregiam
350 600 471 678 prolem
485 615 701 680 magnumque
710 599 812 661 virum
828 615 1029 679 generarem,

177 708 272 786 Cujus
285 706 479 785 temporibus
492 707 631 769 mundus
644 709 711 768 tam
728 705 808 767 mira
823 704 959 784 videret,

177 814 213 873 ut
224 812 340 892 pariter
350 830 438 875 mare
452 829 525 875 cum
538 816 622 875 terra
637 814 824 892 coelumque
834 815 973 892 paveret.
992 835 1007 868 n

177 921 260 980 Haec
271 918 311 980 ad
322 921 417 983 verba
429 919 477 982 sui
490 919 621 982 comites
634 937 786 1000 responsa
801 920 934 982 dederet

178 1047 195 1082 (ι
216 1027 270 1088 Est
282 1027 392 1106 regina
404 1028 531 1109 procul7
547 1045 606 1090 nec
617 1045 687 1089 eam
698 1043 861 1107 possemus
875 1027 1012 1108 liabere3

177 1132 245 1191 Non
258 1129 330 1193 ideo
344 1134 451 1193 tamen
464 1133 581 1195 ellectu
596 1151 647 1195 res
657 1133 718 1195 ista
733 1131 872 1213 carebit,

178 1237 315 1296 nectam
330 1237 449 1315 grande
462 1238 583 1300 bonum
596 1255 662 1301 non
676 1239 841 1302 obmisisse
857 1241 991 1303 decebit.

178 1338 305 1402 Villious
319 1340 378 1402 iste
389 1344 481 1423 tune,
496 1345 549 1424 qui
560 1345 609 1408 vir
618 1347 722 1408 bonus
736 1363 805 1408 esse
816 1348 985 1425 probatur,

180 1446 351 1508 formosam
366 1449 476 1526 genuit
489 1453 614 1532 natam⁷
629 1469 711 1530 quae
724 1451 788 1513 Pila
803 1453 954 1531 vocatur3

178 1549 255 1612 Huic
267 1569 322 1631 per
336 1553 540 1616 concubitum
553 1554 624 1618 vice
638 1555 768 1634 reginae
779 1556 919 1636 sociare,

183 1661 298 1720 uttam
309 1659 459 1723 mirificae
472 1661 569 1742 prolis
581 1667 670 1742 pater
684 1661 832 1726 efficiare.
848 1685 863 1720 n

179 1765 326 1827 Praebuit
337 1784 501 1829 assensum
513 1784 588 1848 rex,
601 1772 634 1830 et
645 1785 697 1830 res
710 1770 923 1848 acceleratur,

179 1873 213 1931 et
226 1873 399 1950 conjuncta
413 1872 480 1936 viro
492 1873 582 1952 virgo
594 1871 699 1936 subito
714 1873 908 1953 gravidatur.

179 1961 337 2038 blensibus
350 1995 427 2057 ergo
441 1995 555 2042 novem
570 1979 711 2042 decursis
722 1997 812 2042 more
826 1981 975 2061 gerendi,

184 2079 284 2142 edidit
297 2081 450 2144 infantem
463 2084 556 2147 solito
568 2085 632 2147 ritu
644 2086 798 2164 pariendi.

181 2184 314 2247 Mittitur
325 2187 366 2248 ad
381 2206 505 2269 regem,
520 2189 574 2269 qui
588 2189 714 2254 nuntiet
725 2192 809 2253 banc
823 2191 1001 2273 peperisse3

179 2309 236 2353 rex
252 2293 384 2376 gaudet,
400 2313 482 2375 quae
495 2297 651 2378 precepit,
665 2299 823 2377 completa
836 2299 945 2361 luisse.

180 2396 313 2459 Nuntius
328 2399 461 2478 adjecit:
478 2423 492 2459 n
507 2402 583 2475 Quis
596 2404 644 2466 vis
657 2419 736 2481 puer
750 2402 808 2465 istc
818 2409 951 2467 vocetur
961 2410 1029 2480 (1)?
1047 2427 1061 2462 n

184 2503 409 2567 «Conveniens
422 2523 539 2568 nomen
552 2509 644 2586 volo,'
661 2529 676 2563 n
692 2525 749 2572 rex
763 2509 825 2589 ait,
843 2533 858 2567 a
870 2513 907 2571 ut
928 2509 986 2572 sibi
1001 2510 1115 2595 detur}

181 2610 257 2668 Nam
271 2607 345 2687 quia
360 2609 447 2673 dicor
462 2613 538 2672 Atus
551 2614 584 2672 et
596 2616 697 2676 mater
708 2615 772 2677 Pila
784 2617 937 2695 vocatur,

86 2745 91 2756 »
182 2712 392 2792 compositum
404 2733 520 2777 nomen
534 2715 651 2780 Pilatus
664 2720 693 2781 ei
708 2718 882 2780 tribuatur!
902 2741 917 2777 n
966 2799 971 2814 Ι

182 2819 285 2883 Crevit
297 2819 414 2882 Pilatus
425 2822 457 2881 et
470 2821 655 2901 fitprudens
667 2825 867 2903 adolescens,
891 2873 894 2880 .

182 2925 324 3004 corporis
337 2930 369 2989 et
379 2925 494 2988 mentis
506 2928 631 3006 gemina
642 2927 759 2990 virtute
773 2928 941 2992 nitescens.

184 3031 295 3094 Aulam
308 3030 392 3110 regis
405 3031 492 3113 adit,
506 3033 594 3095 tanto
606 3034 708 3096 laetus
723 3032 883 3116 genitore,

184 3155 279 3216 quem
292 3155 349 3200 rex
363 3155 436 3201 cum
450 3139 577 3221 reliquis
590 3139 723 3219 dignum
735 3142 902 3218 reputabat
916 3143 1038 3205 honore
1054 3171 1062 3203 ι

186 3246 317 3305 Laetum
329 3242 517 3324 principium
529 3244 602 3308 finis
612 3245 804 3325 quandoque
816 3249 970 3310 molestus
1049 3303 1051 3306 .

188 3351 368 3431 perturbat,
382 3367 441 3414 ceu
454 3350 656 3432 tranquillum
671 3370 757 3415 mare
769 3359 948 3420 commovet
958 3359 1075 3420 aestus.
1121 3406 1125 3416 .

186 3457 293 3518 Solum
307 3457 484 3520 nutrierant
498 3463 542 3532 (P)
554 3475 612 3520 rex
625 3458 677 3522 bic
689 3459 863 3539 reginaque
877 3465 1008 3544 natum,

186 3563 265 3624 etse
278 3563 366 3642 prole
377 3581 434 3625 sua
447 3563 606 3643 gaudebat
617 3567 750 3644 uterque
764 3566 902 3627 boatum.

186 3667 242 3730 Cui
256 3669 446 3733 colludendo
460 3671 577 3733 Pilatus
591 3689 625 3734 se
639 3671 761 3735 sociare

186 3776 291 3854 coepit
302 3779 334 3838 et
347 3775 380 3838 in
395 3776 471 3839 ludo
487 3795 620 3856 puerum
633 3777 790 3839 tractabat
803 3797 909 3840 amare
922 3807 929 3839 ι

129 4004 160 4058 (t)
178 4001 290 4047 Vocemnr
303 4017 433 4060 pererrem
445 4005 500 4050 dans
512 4011 574 4051 notre
588 4017 644 4060 ms,
706 4008 735 4062 (αι
748 4005 877 4052 Nutrierot
886 4008 941 4051 duris
956 4013 1017 4052 notro
1028 4021 1084 4063 msa
1099 4010 1155 4054 mais
1166 4015 1217 4056 tous

104 4065 203 4168 pu'i'sqbtze
220 4063 241 4109 la
264 4065 321 4110 rime
339 4073 401 4121 porte
424 4071 512 4124 partout
526 4081 565 4113 sur
585 4068 643 4112 deux
679 4071 712 4113 les
725 4069 979 4125 antresontlepluricl.

104 4135 161 4180 syc
193 4137 212 4168 s.
