2902 4940
573 443 736 497 —193-

95 568 225 630 obesses
244 568 273 628 la
292 565 396 646 poesie
416 564 577 646 populaire
599 562 654 626 des
667 562 779 644 eglises
793 589 800 624 ι
816 585 831 622 a
846 565 914 626 Non
937 562 1010 626 licet
1025 564 1058 626 in
1071 566 1203 629 ecclesia

95 672 213 732 choros
239 666 447 732 saecularium
469 668 518 730 vel
539 666 715 745 puellarum
737 665 860 730 cantica
882 683 1030 730 exercere
1053 672 1117 750 (1),
1133 691 1149 726 u
1172 675 1205 732 et

93 775 250 840 Cbilderio
275 778 312 837 lll
332 775 381 836 iul
400 770 505 851 outige
524 770 565 834 de
586 773 693 851 porter
712 772 795 834 cette
816 770 908 850 peine
931 770 1039 836 severe
1059 773 1139 838 dans
1158 793 1202 838 un

93 877 279 958 capitulaire
298 893 361 956 que
383 876 449 938 l’on
479 889 615 954 suppose
637 872 677 936 de
700 876 759 936 itt
779 901 787 935 ι
810 897 826 932 u
843 874 901 950 Qui
924 875 957 938 in
978 877 1205 957 blasphemiam

92 981 224 1046 alterius
244 980 367 1043 cantica
381 977 593 1059 composuerit
604 978 655 1041 vel
673 977 728 1058 qui
745 994 784 1040 ea
797 979 989 1060 cantaverit,
1008 984 1100 1044 extra
1112 982 1204 1046 ordi-

91 1099 170 1145 nem
179 1083 340 1170 J'udieetur
351 1089 405 1159 (2).
422 1105 438 1140 u
453 1083 683 1162 L'areheveque
696 1081 737 1145 de
750 1086 869 1163 Tours,
884 1081 1021 1164 Herard,
1042 1082 1204 1167 defendit,

90 1203 135 1248 en
158 1192 235 1268 858,
258 1186 299 1249 de
321 1186 453 1249 obanter
476 1186 506 1247 le
529 1185 699 1248 dimaucbe
722 1185 802 1248 dans
824 1187 870 1247 les
890 1203 985 1250 rues:
1000 1209 1015 1248 u
1031 1191 1073 1252 Ne
1096 1189 1128 1252 in
1151 1189 1205 1254 illo

93 1295 209 1379 sancto
222 1292 273 1356 die
287 1291 376 1356 vanis
395 1290 509 1354 tabulis
526 1294 582 1354 aut
600 1289 814 1354 locutionibus
831 1290 897 1355 sive
910 1292 1144 1358 cantationibus
1157 1298 1207 1360 vel

91 1395 317 1459 saltationibus
328 1393 443 1458 stando
454 1393 486 1455 in
497 1393 587 1456 biviis
599 1397 632 1456 et
643 1393 765 1474 plateis,
781 1398 816 1458 ut
828 1397 924 1476 solet,
941 1395 1114 1460 inserviant
1125 1399 1175 1476 (3).
1189 1421 1205 1456 u

91 1503 140 1560 La
154 1497 284 1561 defense
301 1515 363 1578 que
376 1495 428 1577 iit,
443 1496 596 1576 quelques
608 1495 726 1560 annees
739 1497 846 1577 apres,
868 1498 1033 1580 llinlrmer,
1055 1501 1208 1564 erebere-

91 1623 159 1685 que
173 1606 213 1668 de
231 1605 356 1685 Reirns,
373 1605 454 1668 n’est
467 1619 523 1682 pas
535 1601 639 1665 moins
652 1603 805 1683 positive:
823 1627 839 1663 u
853 1607 915 1668 Nec
937 1606 1067 1685 plausus
1081 1609 1113 1670 et
1126 1606 1208 1672 risus

92 1707 278 1772 inconditos
296 1711 330 1772 et
349 1708 472 1770 tabulas
491 1705 603 1768 inanes
622 1705 663 1768 ibi
690 1708 807 1770 referre
833 1712 890 1770 aut
914 1711 1045 1771 cantare
1072 1727 1208 1789 praesu-

90 1817 164 1878 mat
175 1814 238 1894 (l),
255 1834 271 1869 u
286 1816 318 1876 et
330 1812 432 1876 Otirid
444 1810 492 1873 dit
504 1809 739 1890 expressement
751 1811 826 1890 qu’il
840 1829 988 1893 composa
1002 1831 1061 1878 son
1071 1816 1154 1879 lirist
1166 1824 1209 1897 (5)

91 1935 177 1996 pour
188 1917 365 1996 remplacer
385 1917 430 1977 les
447 1915 560 1978 chants
577 1914 725 1993 profanes
743 1913 822 1978 dont
838 1915 884 1978 les
900 1933 1073 1996 personnes
1084 1919 1209 2000 pieuses

94 2020 216 2084 etaient
236 2019 375 2082 blesstes
390 2047 398 2080 ι
416 2022 526 2082 «bum
542 2035 648 2082 rerum
663 2017 825 2099 quondam
842 2034 940 2083 sonus
959 2020 1118 2085 inutilium
1134 2026 1208 2104 pul-

93 2126 182 2186 saret
200 2140 293 2186 aures
310 2122 520 2204 quorumdam
539 2120 833 2201 probatissimorum
852 2122 1009 2206 virorum,
1034 2143 1207 2208 eorumque

94 2228 298 2293 sanctitatem
319 2228 472 2291 laicorum
492 2230 606 2290 cantus
625 2227 815 2308 inquietaret
833 2230 1026 2312 obscoenus,
1042 2250 1060 2294 a
1074 2233 1208 2314 quibus—

94 2332 171 2396 dam
192 2333 362 2397 memoriae
384 2331 489 2414 dignis
512 2333 662 2396 iratribus
683 2337 814 2412 rogatus
817 2378 877 2395 .....
888 2383 896 2416 ,
917 2339 1040 2414 partem
1060 2341 1207 2421 Evange-
1262 2389 1264 2394 ,
1292 2387 1295 2394 -

93 2436 211 2500 liorum
242 2436 288 2499 eis
315 2437 470 2500 theotisce
503 2434 750 2518 conscriberem,
783 2439 820 2497 ut
850 2437 1079 2518 aliquantulum
1111 2445 1206 2526 bujus

95 2543 210 2607 cantus
222 2538 368 2602 lectionis
380 2539 493 2601 ludum
504 2537 714 2602 saecularium
727 2557 842 2604 vocum
857 2539 986 2625 deleret,
1002 2549 1044 2626 et,
1060 2545 1093 2609 in
1107 2552 1204 2612 avan.

94 2645 252 2726 geliorum
271 2640 396 2722 propria
417 2639 528 2720 lingua
547 2639 691 2720 occupati
706 2640 887 2722 dulcedine,
911 2661 1025 2708 sonum
1047 2645 1204 2716 inutilium

94 2764 200 2811 rerum
214 2742 361 2808 noverint
374 2742 532 2805 declinare
544 2744 595 2821 (6).
611 2765 626 2798 s

117 2988 146 3042 (ι)
170 2985 281 3037 statuto,
303 2983 338 3028 eb,
361 2993 418 3036 ¹¹¹3
437 2982 494 3026 dans
512 2981 629 3037 dachery.
666 2981 788 3038 obsequio,
813 2983 956 3040 micrologum
979 2987 1062 3032 cudens
1086 2990 1114 3034 da
1138 2992 1201 3048 lapsu

91 3047 264 3105 Spicileet'atm,
280 3049 296 3090 t.
309 3045 365 3100 l‚p.
376 3047 424 3090 bet.
666 3043 757 3098 mundi,
780 3045 867 3090 senario
882 3046 1015 3093 determinat
1030 3061 1081 3094 curn
1100 3063 1203 3100 memorre

117 3127 147 3182 (ᾗ)
169 3126 232 3168 Dm
248 3123 343 3176 paim,
370 3118 525 3177 capitularia
548 3130 631 3175 „qum
666 3104 802 3160 rhythmic03
816 3103 955 3151 l'a'toacactt'
967 3107 1202 3170 Theolrcdt'ebbetia,

91 3187 251 3236 prmum,
265 3189 282 3228 ι,
297 3184 324 3236 ι,
337 3183 377 3228 ω),
392 3186 440 3227 15⁴,
666 3166 702 3211 cb.
714 3180 738 3212 x.
749 3167 784 3212 On
797 3166 822 3211 lit
834 3167 890 3212 dans
898 3169 919 3213 le
932 3168 1049 3216 Chronica
1060 3172 1200 3232 tremencia,

665 3230 692 3274 de
710 3229 821 3274 llenricus
834 3228 929 3286 Wolter,
945 3233 1018 3288 puetis
1033 3246 1073 3290 par
1089 3237 1199 3294 Meibcrn,

432 3293 470 3316 ’¹
500 3291 507 3316 ’
557 3291 562 3304 ·
621 3293 628 3316 ’
664 3289 751 3335 lterum
768 3291 960 3364 consociaturum
975 3294 1029 3349 t.l,
1048 3309 1069 3353 p.
1084 3302 1123 3354 tlt,
1141 3311 1202 3356 qua,

116 3399 144 3453 (t)
156 3391 299 3451 Capitulum
310 3391 342 3436 ad
352 3391 506 3448 presbyteros,
519 3393 555 3436 cb.
565 3404 614 3436 xiv.
663 3354 752 3469 &32:23
761 3353 991 3472 {lffi’atla'agdietuiailrz
999 3366 1199 3470 {ligumiiassloa'anugi

116 3471 144 3524 (ὅ)
158 3469 194 3511 ⁰⁰
205 3467 246 3508 865
258 3463 272 3508 i
284 3467 332 3508 ⁸⁷¹·
663 3477 725 3521 multi
741 3477 860 3521 ueniebant
875 3476 902 3520 ad
917 3489 982 3533 eum,
999 3486 1023 3524 et
1041 3481 1099 3527 lama
1112 3455 1165 3538 aius'
1175 3487 1198 3534 in

116 3545 153 3601 (6)
189 3539 338 3587 Bibliotheca
374 3539 482 3582 maxime
516 3537 627 3594 Petrum,
662 3537 722 3581 omni
745 3543 804 3581 terra
825 3537 949 3594 personuit;
970 3541 1072 3586 carmina
1099 3544 1197 3604 elegiae,

90 3613 108 3652 t.
121 3607 189 3660 xlv,
204 3617 227 3660 p.
239 3608 286 3648 765.
303 3602 378 3658 vopei
391 3611 430 3643 nos
443 3597 536 3644 Potaiea
547 3613 628 3657 popu·
663 3598 728 3653 vulgo
738 3596 824 3651 blaesa,
834 3597 924 3642 luerunt
934 3601 960 3645 de
969 3613 996 3646 eo
1008 3601 1097 3649 lactaet
1106 3614 1196 3655 cantata

87 3667 164 3712 loires
186 3665 288 3716 taliaes,
309 3677 332 3720 p.
351 3666 392 3715 tt),
412 3667 457 3705 not.
476 3665 505 3713 23
528 3673 550 3716 p.
573 3667 627 3716 set,
662 3661 685 3704 in
696 3659 750 3714 viis3
762 3664 785 3703 et
797 3658 818 3704 le
831 3659 889 3703 lrsra
901 3659 963 3706 mtaa
977 3663 1055 3718 disait,
1068 3665 1196 3716 al’asaem.

89 3734 135 3773 not.
148 3735 174 3781 ῆς
187 3725 306 3772 ctericus
320 3726 447 3780 ajouterons
456 3722 563 3777 quelques
571 3735 627 3767 nou·
663 3721 710 3766 blee
720 3721 747 3765 de
758 3720 875 3778 capacius,
891 3723 980 3768 tenues
994 3723 1077 3782 Rome,
1089 3740 1117 3774 eu
1127 3736 1176 3778 teet
1191 3747 1198 3778 ε

89 3801 161 3836 veaux
174 3788 325 3843 tc'moiguages
334 3786 372 3844 qui
384 3796 440 3829 nous
451 3782 558 3828 semblent
567 3786 627 3828 tres·
662 3783 767 3836 Fratres,
782 3787 817 3827 eat
833 3782 943 3837 quaedam
961 3786 1021 3842 regio
1038 3787 1161 3847 Teutonis,
1176 3795 1198 3839 in

89 3863 180 3908 proprus
188 3853 200 3896 'a
209 3860 306 3906 prouver
316 3849 337 3892 la
347 3848 430 3904 grands
439 3845 560 3902 popularite
570 3845 598 3889 dc
606 3844 627 3890 la
663 3857 707 3901 que
717 3849 769 3888 sunt
778 3843 878 3890 homiues
891 3844 1005 3890 christiani
1014 3854 1037 3893 et
1045 3850 1132 3906 devoti,
1145 3856 1196 3910 qui,

88 3914 171 3970 poesie.
183 3912 225 3958 les
236 3921 385 3966 personnages
395 3909 426 3953 lea
436 3907 485 3964 plus
493 3918 573 3963 graves
583 3906 629 3952 a'eu
663 3912 688 3949 ut
696 3905 770 3960 scitis,
784 3916 849 3961 saepe
860 3912 943 3952 terram
955 3913 1052 3956 besuam
1062 3923 1114 3958 cum
1128 3914 1198 3971 longis

87 3977 200 4021 servatam
220 3973 277 4016 dans
293 3971 332 4015 dea
349 3969 491 4027 productious
507 3968 628 4022 atrienses,
663 3966 748 4012 baculis
758 3973 782 4012 st
790 3967 856 4023 largis
866 3969 999 4024 ocreia,sub
1009 3973 1144 4028 tepidissimo
1152 3979 1197 4022 aute

87 4036 126 4082 des
147 4036 170 4081 le
191 4038 381 4080 commencemcnt
404 4033 434 4076 du
454 4029 522 4075 vttt·
544 4029 627 4076 siecle:
662 4028 778 4074 sudoribus
799 4035 925 4075 aestuantes
948 4036 1104 4088 pertranseunt
1124 4049 1151 4082 ao
1170 4039 1199 4082 tt-

87 4099 192 4153 benique
201 4095 299 4151 quodam
311 4099 408 4147 tempore
418 4091 520 4138 familiari
532 4097 628 4136 mmmus
663 4090 722 4135 mina
741 4090 873 4136 Sanctorum
890 4092 993 4144 visitant,
1019 4095 1094 4140 laudes
1113 4099 1159 4143 Deo
1176 4109 1197 4146 at

1089 4175 1122 4228 13
