2892 4940
518 478 681 535 -173-

151 598 297 673 ingerunt
306 599 444 661 consiliis
458 617 507 682 se,
522 619 587 664 non
602 604 724 667 invitati
737 633 744 686 3

150 703 299 782 quidquid
312 710 409 786 agant
420 707 509 790 laici,
525 709 678 789 quidquid
690 712 802 775 literati

150 813 181 870 et
193 813 326 890 majores
339 814 443 876 clerici
457 831 513 876 sen
524 816 631 895 magni
646 820 775 896 praelati
785 865 809 906 ,t

148 922 298 995 spernunt
310 921 343 981 et
353 921 532 1000 vituperant
545 922 605 984 nisi
615 923 679 985 sint
692 926 805 988 vocati.

149 1059 181 1120 lli
194 1063 355 1139 portantes
370 1063 509 1142 gladium
522 1081 611 1127 more
622 1065 802 1146 furibundi,

147 1168 279 1245 perjura
290 1186 372 1248 quae
385 1169 531 1233 nesciunt
540 1174 572 1232 et
583 1189 739 1235 summam
751 1172 795 1235 rei
809 1189 867 1252 pro
880 1174 989 1236 mundi
999 1179 1023 1250 (1
1033 1181 1057 1254 ),

147 1269 278 1346 credunt
288 1290 322 1336 se
335 1277 530 1338 confundere
544 1295 603 1340 nec
614 1295 709 1357 posse
720 1279 891 1359 confundi,

145 1393 252 1440 omnes
263 1380 405 1459 quamvis
417 1381 534 1443 suerint
546 1381 579 1444 in
589 1385 661 1462 jure
674 1384 834 1463 profundi.

145 1521 284 1598 llac(ce?)
299 1521 337 1582 de
348 1523 509 1600 provincia
524 1523 627 1587 dictus
638 1543 694 1587 rex
703 1527 846 1606 notavit,

145 1625 196 1686 ubi
210 1625 250 1686 de
265 1628 478 1690 contractibus
492 1631 524 1690 et
536 1630 653 1692 chartis
667 1635 830 1711 tractavit,

146 1732 219 1795 dum
233 1737 340 1813 aperte
351 1734 480 1796 minima
492 1738 595 1798 toturn
606 1737 780 1802 nominavit

146 1840 174 1900 et
187 1857 304 1902 nomen
316 1843 418 1920 tuum,
430 1845 463 1914 (ο
478 1843 569 1921 Lex),
584 1841 676 1903 simul
688 1847 860 1923 usurpavit.

145 1989 200 2046 Per
213 1983 315 2063 ipsam
327 1982 475 2046 causidici
488 1985 563 2046 sunt
576 1988 699 2047 Fratres
713 1987 816 2051 effecti
829 2038 837 2070 ‚

144 2090 317 2170 ipsam(que
327 2092 350 2168 l)
362 2089 479 2183 habent
492 2107 601 2152 secum
611 2109 757 2173 mensae,
774 2094 860 2177 viae,
876 2099 986 2179 le(c)ti‚

145 2197 287 2260 utvideri
297 2198 423 2260 valeant
437 2196 469 2258 in
479 2199 553 2276 jure
563 2199 723 2280 provecti,

143 2320 199 2366 nec
210 2306 326 2366 curant
337 2303 377 2364 de
387 2301 489 2364 bibliis
500 2320 579 2382 quas
592 2305 696 2366 solent
705 2307 860 2385 ampiecti.

143 2458 300 2520 Enervant
309 2457 362 2532 e(t)
371 2453 530 2517 distruunt
538 2457 568 2534 [l.
579 2457 759 2532 destruunt)
765 2454 845 2536 juris
854 2461 1058 2546 aequitatem,

143 2579 197 2624 nec
210 2563 392 2640 sequuntur
404 2577 563 2623 canonum
580 2578 699 2623 meram
713 2563 878 2626 veritatem
891 2592 899 2644 3

141 2669 268 2746 plenam
280 2684 350 2728 esse
363 2665 504 2730 clavibus
517 2667 558 2742 (2)
572 2670 692 2744 negant
705 2671 896 2746 potestatem
910 2699 917 2731 ε

141 2775 223 2854 quod
233 2772 368 2854 quidem
381 2771 573 2834 haereticam
587 2772 668 2850 sapit
680 2773 878 2850 pravitatem.

142 2929 181 2987 lic
193 2921 332 2988 occultis
342 2920 505 3001 judicatur
517 2921 550 2995 (l.
558 2919 717 2999 judicant)
730 2924 766 2982 nt
778 2921 817 2982 de
827 2924 1002 2988 manifestis
1016 2976 1023 3006 ,

143 3035 171 3092 et
179 3047 280 3112 quam
291 3029 324 3104 (l.
336 3044 430 3106 quem
440 3029 464 3101 l)
472 3042 531 3087 nec
541 3025 698 3087 confessio
709 3024 867 3090 convincit
880 3046 939 3092 nec
950 3033 1053 3117 testis,

142 3141 195 3202 sed
207 3143 244 3202 ut
260 3138 293 3214 (l.
306 3135 418 3210 sicuti)
431 3131 589 3196 evidentia
603 3132 642 3192 de
655 3131 792 3212 peccatis
806 3133 915 3216 gestis,

144 3246 296 3308 damnant
310 3239 534 3320 decretalibus,
550 3237 674 3336 scriptis
687 3240 719 3300 et
733 3237 871 3318 digestis.

145 3392 230 3462 Quos
242 3385 353 3450 volunt
366 3383 528 3448 absolvere
541 3381 709 3444 absolvunt
722 3381 770 3443 vel
784 3380 901 3465 ligant,

145 3509 226 3572 quos
238 3493 351 3556 volunt
364 3489 528 3568 alleviant,
548 3505 628 3567 ques
639 3489 752 3550 volunt
764 3487 920 3571 fatigant3

146 3599 171 3661 si
185 3598 239 3678 qui
253 3615 308 3662 ecs
322 3595 453 3660 forsitan
467 3599 590 3658 secreto
604 3593 779 3675 castigant,

146 3709 270 3786 tempus
283 3707 458 3785 quaerunt,
479 3704 593 3766 talibus
607 3705 643 3764 ut
656 3718 790 3780 poenam
805 3699 958 3779 inlligant.

88 3955 112 4009 ll)
125 3957 152 4002 Le
165 3958 247 4004 second
262 3955 390 4002 hemistichia
400 3967 413 3998 a
423 3955 482 3998 deux
493 3951 586 4008 syllabas
648 3951 677 4005 (a)
692 3949 722 3992 La
736 3947 832 4005 papaute
843 3948 882 4003 qui
894 3961 906 3992 a
917 3961 971 4004 pour
982 3962 1056 3996 armes
1069 3954 1157 4008 symbe-

65 4013 88 4058 de
105 4022 161 4075 trep3
183 4031 236 4065 sans
252 4019 318 4062 deute
337 4017 432 4063 l'auteur
445 4015 507 4060 avait
519 4011 551 4056 dit
564 4012 587 4054 cl
622 4010 823 4068 transcensores,
839 4019 906 4083 parce
921 4023 965 4082 pue
977 4013 1156 4086 lesus—Christis

65 4085 153 4182 m?
174 4094 213 4126 rea
232 4079 317 4124 mandi
339 4091 366 4123 cu
387 4089 433 4134 pro
452 4086 543 4120 aemma
559 4085 585 4116 re
622 4071 756 4178 glotessmffipt
769 4073 863 4117 Pierre:
879 4073 927 4116 Trbr
941 4073 998 4118 dabo
1009 4075 1083 4119 claves
1094 4087 1156 4129 regni
