2914 4944
743 490 771 500 -—
797 459 906 514 366-

269 586 408 652 tibanus
429 585 513 650 dist:
531 609 546 644 ι
559 589 627 660 Que
651 582 800 663 terni-je,
827 583 1024 661 Veronique?
1042 583 1249 664 »Veronique
1272 585 1297 646 li
1316 602 1393 648 res-

269 693 367 774 pondi
381 721 388 756 :
404 717 419 754 ιι
427 698 487 757 lnu
500 691 556 754 irai
567 709 665 756 avoee
675 691 712 772 ti,
725 690 751 754 si
764 695 800 754 tu
810 691 888 772 vele,
901 693 933 754 et
944 689 1081 771 porterni
1095 690 1144 752 vir
1153 689 1222 766 (sic)
1232 709 1253 752 a
1263 691 1393 754 Cesaire

268 800 415 880 l'ymnge.
431 820 446 854 »
461 799 599 862 Albanus
612 798 670 860 out
691 797 771 858 molt
793 798 887 874 grant
904 794 970 875 joie
989 797 1067 875 qant
1087 795 1109 856 il
1131 794 1162 858 oi
1183 797 1286 877 chou,
1304 799 1337 858 et
1351 815 1391 859 en

269 904 360 968 rendi
375 921 501 985 graecos
513 921 533 966 n
547 901 734 980 Veron(ik)e.
761 903 799 964 Et
820 900 970 980 apparilla
993 918 1044 964 ses
1064 918 1132 982 neS,
1155 905 1189 964 et
1211 920 1310 981 passa
1322 921 1390 966 mer

269 1013 362 1074 atnut
372 1009 407 1090 li,
422 1012 454 1070 et
466 1007 592 1073 vinrent
604 1023 645 1068 en
657 1006 687 1069 le
698 1004 760 1067 cite
773 1003 813 1066 de
826 1009 957 1068 Romme
970 1022 1028 1084 par
1043 1005 1259 1087 unevespree,
1276 1006 1304 1068 si
1318 1025 1390 1070 com

270 1127 349 1191 gens
360 1127 396 1172 se
409 1109 595 1189 robergam,
605 1110 638 1170 et
648 1105 753 1170 disent
763 1105 817 1170 k’il
829 1104 1050 1168 atendereient
1063 1107 1204 1186 dusques
1217 1125 1261 1169 au
1274 1109 1389 1189 mutin,

268 1222 302 1282 et
322 1217 467 1280 s’asisent
491 1235 533 1280 au
555 1232 681 1295 suuper,
705 1217 738 1275 et
754 1212 825 1294 puis
846 1213 968 1276 alerent
992 1212 1153 1276 couchier.
1183 1215 1329 1278 Albanus
1347 1233 1390 1277 au

268 1324 369 1386 mutin
377 1323 471 1387 laissa
478 1322 804 1403 veroniqueal’ostn,
815 1325 848 1384 et
858 1322 927 1388 vint
937 1339 978 1384 au
989 1322 1027 1384 lit
1037 1321 1173 1404 (tostire,
1184 1321 1389 1386 etlinoncha

269 1448 323 1494 ces
335 1432 467 1512 choses3
490 1435 522 1492 et
543 1430 682 1496 Cesaires
695 1430 727 1493 ki
740 1430 819 1494 molt
832 1427 927 1494 estoit
946 1429 1131 1509 angoisseus
1146 1429 1239 1492 desa
1252 1429 1388 1492 maledie

269 1537 299 1598 le
319 1537 407 1598 salua
420 1537 490 1598 tout
501 1536 669 1616 premiere,
691 1553 746 1599 ear
761 1534 783 1596 il
797 1535 918 1600 euidoit
931 1534 985 1602 k'il
998 1538 1141 1600 amenast
1154 1536 1306 1616 lhesum,
1322 1536 1388 1598 etli

269 1639 324 1702 fist
334 1644 428 1719 grant
438 1639 513 1720 joie.
528 1639 633 1702 Adont
646 1639 667 1701 li
681 1642 813 1703 raconta
827 1641 966 1702 Albanus
980 1641 1052 1702 tout
1063 1637 1131 1700 ensi
1146 1637 1201 1700 k’il
1216 1637 1304 1702 avoit
1316 1637 1386 1700 erre

269 1749 303 1808 et
325 1744 437 1808 diste«
461 1745 568 1809 Chelni
591 1746 803 1825 rhenumque
825 1748 861 1807 tu
882 1743 1033 1811 desiroies
1055 1762 1074 1807 a
1096 1743 1188 1808 aveir
1207 1749 1315 1824 (port)
1333 1747 1388 1808 ten

268 1867 379 1932 myre,
399 1851 526 1912 homme
541 1867 604 1930 que
624 1854 690 1914 Dex
712 1849 829 1931 amoit,
849 1868 910 1930 pur
928 1852 961 1912 et
979 1849 1149 1934 innocent,
1172 1852 1303 1930 Pylates
1322 1854 1387 1914 etli

270 1954 347 2018 Yur't
364 1956 395 2018 le
409 1954 565 2018 trahirent
577 1972 635 2034 par
647 1953 750 2033 envie‚
769 1958 802 2016 et
820 1956 850 2016 le
864 1957 1093 2018 tonnenterent
1105 1954 1299 2036 mammem,
1314 1959 1347 2019 et
1360 1956 1388 2018 le

268 2059 436 2140 pendirent
446 2077 487 2122 en
499 2060 529 2120 le
544 2059 642 2138 crois,
664 2062 697 2120 et
709 2058 730 2119 li
745 2059 898 2121 metoient
916 2076 971 2120 sus
983 2058 1037 2120 k’il
1052 2059 1147 2122 estoit
1160 2061 1385 2140 enchanteres,

268 2167 301 2226 et
311 2166 341 2225 le
355 2162 534 2227 vainkirent
544 2181 601 2243 par
613 2165 683 2226 saus
696 2164 870 2228 tiesrnoins.
887 2186 903 2224 n
919 2167 1070 2246 Cesayres
1079 2164 1160 2226 dist:
1175 2188 1190 2224 ιι
1206 2169 1279 2240 Que
1292 2165 1387 2230 ferat·

266 2275 301 2354 je
316 2271 418 2334 done?
431 2274 466 2333 le
477 2287 518 2333 ne
529 2269 610 2334 serni
622 2268 736 2349 J'amais
750 2269 846 2349 garis.
863 2291 879 2326 »
894 2271 1035 2334 Albanus
1055 2270 1137 2334 dist:
1155 2270 1215 2334 «si
1231 2289 1342 2354 seres,
1355 2291 1385 2336 se

267 2379 327 2442 Diu
356 2376 491 2458 plaist.»
515 2377 665 2454 Cesayres
696 2373 779 2438 dist:
806 2397 821 2432 ι
842 2377 877 2436 Je
898 2373 1017 2438 sueffre
1045 2382 1115 2456 trop
1142 2375 1181 2436 de
1205 2375 1352 2440 dolours.
1368 2399 1382 2436 n

267 2485 407 2547 Albanus
423 2482 445 2546 li
462 2481 545 2544 dist:
565 2483 662 2544 «Une
683 2481 798 2544 senune
811 2480 890 2542 molt
902 2479 1054 2561 vaillanS,
1074 2479 1256 2560 Veronique
1271 2501 1294 2546 a
1308 2499 1383 2553 non,

265 2589 340 2652 etki
349 2589 429 2652 molt
440 2587 497 2650 fnit
506 2588 682 2666 ahonoren
694 2588 727 2648 et
733 2584 765 2648 ki
777 2586 812 2647 tu
821 2584 942 2648 anniele
953 2603 972 2646 a
983 2585 1088 2648 chelui
1098 2587 1205 2667 Jhesu,
1216 2592 1272 2649 est
1285 2605 1380 2652 renue

266 2711 366 2759 nvoec
385 2693 429 2756 mi
453 2711 511 2774 par
537 2711 621 2774 mer,
644 2709 703 2772 por
730 2691 753 2753 ti
777 2695 904 2771 aporter
931 2695 1040 2773 sante,
1062 2697 1096 2754 et
1113 2713 1132 2756 a
1152 2711 1198 2756 un
1220 2697 1306 2758 molt
1325 2695 1381 2758 hiel

264 2799 402 2881 lincuel,
434 2802 636 2879 proprement
662 2798 694 2860 la
716 2798 935 2872 san(b)lanehe
959 2799 993 2860 et
1016 2798 1153 2879 l'ymage
1191 2799 1257 2862 dou
1286 2802 1381 2866 viane
1449 2789 1450 2828 t

264 2904 368 2968 chelui
391 2905 504 2984 mesu,
539 2905 571 2964 et
601 2902 631 2962 le
662 2900 892 2979 t’nporte[rent]
919 2918 938 2961 a
962 2900 1135 2980 regarder=
1152 2903 1257 2983 lequel
1283 2921 1324 2968 se
1351 2907 1380 2966 tu

262 3009 413 3090 rogandes
427 3008 646 3085 devotement,
668 3009 703 3068 tu
717 3022 804 3068 seras
822 3004 1020 3068 maintenant
1038 3010 1109 3070 tous
1122 3006 1220 3072 sains.
1238 3029 1254 3065 ιι
1270 3011 1380 3074 Adone

262 3118 441 3184 conmanda
453 3114 592 3180 Gesnires
605 3116 732 3192 aporter
744 3115 879 3196 l'ymage
894 3117 1003 3178 nostre
1014 3115 1178 3198 seigneur,
1198 3119 1230 3180 et
1250 3117 1312 3184 fist
1330 3137 1380 3181 es-

262 3223 383 3302 pandre
399 3217 499 3299 parrni
521 3217 552 3279 le
569 3215 640 3279 voie
658 3217 823 3295 ma(n)tiax
841 3219 881 3284 de
902 3235 1038 3300 porpre‚
1061 3224 1091 3282 et
1111 3220 1183 3284 lues
1206 3223 1260 3286 k'il
1286 3225 1334 3289 vit
1351 3225 1380 3286 le
1448 3207 1449 3210 ¹

257 3322 364 3386 :sainte
383 3335 498 3401 perage
512 3318 533 3379 il
552 3317 586 3379 fu
606 3317 804 3382 maintenant
827 3319 877 3380 tos
900 3317 996 3381 seins.
1022 3322 1059 3382 Et
1078 3321 1258 3402 Veronique
1284 3325 1376 3390 benei

259 3427 368 3488 nostre
382 3423 534 3503 seigneur
546 3421 584 3484 de
598 3439 648 3484 ses
662 3422 755 3502 dens,
770 3425 802 3484 et
812 3421 842 3483 le
856 3424 900 3498 [et
913 3422 955 3500 le]
969 3424 1068 3486 clama
1085 3425 1170 3490 saint
1183 3445 1224 3490 en
1236 3431 1374 3494 tousses

255 3510 735 3601 evres.1⁴2tieelever0n(ik)etu
749 3526 894 3591 remenee
905 3545 947 3591 en
958 3547 1014 3594 sen
1023 3530 1091 3609 pais
1101 3550 1121 3594 a
1130 3537 1224 3612 grant
1234 3536 1372 3600 honeur.

257 3632 344 3696 Etru
357 3629 422 3711 pris
435 3630 558 3710 Pylates
569 3633 601 3692 et
614 3629 741 3693 annones
753 3647 771 3692 a
785 3634 928 3714 Romme,
940 3635 973 3694 et
985 3633 1014 3694 le
1025 3636 1205 3698 conmanda
1219 3641 1373 3720 Cesnyree

258 3738 358 3800 metre
370 3753 411 3798 en
424 3733 514 3796 buies
527 3737 560 3798 et
570 3751 610 3796 en
620 3735 712 3815 fiers,
727 3737 760 3796 et
769 3736 852 3814 jeter
865 3753 904 3798 en
919 3735 1045 3818 prison,
1059 3739 1198 3820 dusques
1212 3745 1277 3806 cele
1292 3761 1373 3806 eure

254 3855 320 3919 que
333 3839 480 3900 sentense
493 3839 560 3900 fust
572 3837 692 3900 rendue
713 3838 753 3902 de
770 3838 844 3916 quel
863 3841 947 3902 mort
960 3837 982 3901 il
995 3841 1137 3904 morroit.
1160 3847 1200 3906 nt
1220 3848 1372 3910 s’assam-

254 3941 380 4004 blerent
397 3942 468 4002 tout
480 3940 501 4001 li
515 3938 645 4018 prinehe
665 3939 705 4002 de
723 3941 753 4001 le
772 3938 834 4001 cite
852 3944 884 4001 et
902 3943 975 4002 tous
994 3941 1015 4002 li
1034 3945 1173 4023 peupleS,
1191 3948 1224 4008 et
1235 3948 1372 4014 estrive-
