2892 4940
546 519 709 573 —109-

344 639 409 700 Vita
423 639 549 718 mundi5
570 657 618 702 res
632 641 768 720 caduca,

342 745 431 808 vilior
444 762 507 806 una
519 746 658 824 festuca,

341 865 497 910 venenosa
511 849 582 926 plus
594 850 755 925 serpente,

340 951 443 1013 curin
453 969 523 1014 mea
537 968 646 1013 manes
660 954 787 1012 menie?

339 1099 407 1162 Vita
421 1101 547 1182 mundi,
563 1119 614 1162 res
627 1100 765 1180 maligna
779 1149 787 1181 ‚

340 1209 374 1266 ut
390 1206 503 1268 ameris
516 1223 679 1286 nunquam
691 1205 805 1286 digna,

338 1309 415 1388 quid
427 1313 519 1389 putas
533 1309 588 1373 tibi
602 1310 769 1388 prodesse,

338 1412 363 1473 si
375 1430 425 1475 me
440 1413 538 1475 ducas
551 1413 593 1475 ad
604 1430 670 1476 non
682 1416 774 1475 esse?

337 1571 405 1634 Vita
418 1572 545 1652 mundi,
559 1589 610 1633 res
623 1571 774 1649 crudem,

337 1690 488 1751 arrogans
501 1677 534 1734 et
545 1673 695 1752 infidelis,

336 1771 452 1851 quidte
462 1777 555 1852 putas
563 1773 759 1852 adivitaress.
767 1773 940 1853 adjuvare),

337 1877 362 1939 si
377 1877 545 1957 compellas
558 1894 609 1938 me
621 1881 776 1955 peccare?

336 2027 403 2088 Vita
416 2025 543 2106 mundi,
559 2043 609 2088 res
625 2026 762 2106 misella,

335 2135 488 2196 scelerum
501 2135 689 2194 cunctorum
702 2134 796 2210 cella,

335 2235 518 2300 fornicatrix
533 2239 565 2297 et
577 2253 690 2315 avara,

337 2358 393 2403 cur
406 2340 532 2403 haberis
546 2359 686 2420 unquam
699 2347 794 2404 cara?

334 2486 402 2546 Vita
416 2486 542 2567 mundi,
557 2488 653 2566 pestis
665 2488 762 2568 dura,
797 2465 799 2473 Α

334 2590 402 2652 Vita
416 2590 554 2652 mendax
568 2596 600 2652 ei
613 2596 756 2672 perjura,

335 2711 407 2755 cum
421 2698 457 2755 tu
470 2693 514 2756 sis
527 2694 595 2755 sine
608 2713 756 2758 mensura
767 2745 774 2775 ,

336 2816 392 2860 cur
403 2797 537 2877 requiris
550 2800 583 2860 in
597 2816 647 2860 me
657 2801 752 2877 jura?

335 2936 404 2997 Vita
417 2935 545 3014 mundi,
561 2953 611 2998 res
623 2936 754 3014 acerba,

335 3039 403 3102 Viti
414 3038 491 3100 levis
502 3042 534 3100 et
547 3039 697 3117 superba,

335 3159 408 3205 cum
419 3142 461 3204 sis
475 3139 568 3203 nimis
578 3140 748 3222 iracunda,

335 3264 392 3308 cur
404 3264 455 3308 me
468 3245 549 3324 petis
559 3244 751 3308 furibunda?

335 3384 404 3446 Vita
415 3385 537 3466 mundi,
551 3402 602 3446 res
615 3384 738 3446 deserta
749 3433 757 3466 ‚

337 3486 402 3548 Vita
417 3486 512 3548 fallax
528 3489 559 3548 et
570 3485 707 3566 incerta,

336 3609 408 3654 cum
421 3593 456 3652 iu
470 3592 511 3653 sis
525 3591 603 3654 cinis
616 3594 648 3651 et
660 3591 790 3670 vermiS,

334 3699 410 3778 quid
424 3698 463 3760 de
476 3715 634 3778 quaquam
647 3695 807 3758 definiris?

336 3837 404 3901 Vita
417 3834 544 3915 mundi,
558 3854 609 3898 res
621 3835 759 3915 polluta,

336 3944 480 4024 garrula,
494 3958 593 4024 vaga,
609 3941 729 4019 soluta,

335 4066 407 4111 cum
420 4047 462 4110 sis
476 4048 542 4108 tota
555 4049 647 4126 plena
660 4044 770 4124 nugiS,

337 4158 446 4218 contra
460 4171 510 4215 me
522 4169 579 4214 cur
592 4153 686 4214 stulta
702 4150 811 4227 rugis?
