2914 4944
579 515 618 521 —-
633 486 689 538 389
702 515 741 522 -—

199 602 260 664 Sed
272 601 346 680 quia
358 606 503 666 mortuus
517 607 566 664 est
578 607 611 666 et
626 607 657 666 te
669 604 737 666 sine
751 605 838 683 prole
853 603 994 683 reliquit,

239 709 335 786 atque
345 713 567 772 remanserunt
578 710 679 772 multa
694 709 832 788 gerenda
844 708 900 771 tibi
914 758 923 789 ,

200 816 255 874 Est
267 831 347 893 opus
360 817 397 876 ut
408 816 526 896 nubas,
541 815 692 896 quianon
706 819 796 898 potes
808 819 927 897 absque
940 816 1055 880 marito

240 919 380 997 pondera
394 936 561 1000 curarum,
579 921 712 1002 femina,
728 924 810 986 ieme
825 923 890 985 diu.

200 1023 277 1105 sed,
291 1024 416 1089 vivente
428 1025 512 1106 viro,
528 1031 655 1091 constat
668 1029 755 1108 quod
769 1033 856 1093 casta
871 1029 957 1092 luisti
971 1057 979 1110 3

240 1133 312 1210 post
325 1132 446 1196 obitum
460 1137 552 1215 cujus
565 1137 644 1198 baec
658 1153 785 1216 quoque
798 1139 881 1199 lama
894 1141 1002 1199 manet
1014 1165 1022 1218 3

201 1237 289 1301 Unde
302 1237 491 1303 timebamus
504 1259 545 1304 ne
558 1242 641 1305 sorte
654 1241 710 1304 tibi
725 1241 890 1306 statuisses
903 1291 911 1322 ,

240 1341 285 1406 sic
298 1361 422 1425 semper
436 1345 533 1410 vitam
546 1348 665 1411 ducere
680 1350 761 1412 velle
777 1350 876 1412 tuam.

200 1453 265 1513 llac
278 1448 376 1530 igitur
387 1469 483 1515 causa
497 1454 705 1518 convenimus
719 1457 756 1516 ut
768 1455 906 1518 verearis

241 1558 291 1619 tot
300 1559 349 1621 vel
362 1561 524 1622 tantorum
538 1577 686 1640 spernere
703 1561 880 1624 consilium.

201 1665 290 1726 Nube
303 1664 387 1746 viro,
404 1666 478 1745 quia
493 1667 519 1730 si
534 1666 574 1728 de
587 1670 619 1730 te
632 1686 697 1730 non
712 1669 835 1732 venerit
848 1671 960 1732 haeres

242 1770 295 1850 qui
310 1774 417 1834 teneat
430 1776 566 1853 terram,
583 1777 614 1836 te
628 1773 802 1854 moriente,
818 1777 927 1854 tuam,

202 1876 313 1940 Omnia
327 1896 409 1958 quae
422 1882 478 1942 tua
492 1883 568 1942 sunt
579 1880 800 1943 miserabiliter
812 1880 986 1960 rapientur,

242 1985 491 2067 particulamque
504 1985 738 2066 voletquisque
750 1991 859 2050 tenere
872 2005 974 2050 suam.

203 2095 316 2172 immo,
332 2093 358 2155 si
373 2094 469 2157 luerit
481 2094 553 2174 quis
567 2093 691 2175 fortior,
707 2094 815 2157 omnia
829 2097 939 2174 tollet,

244 2198 271 2260 si
283 2199 354 2279 quis
367 2201 395 2263 ei
408 2200 637 2264 contradixerit
651 2217 727 2263 ense
740 2201 852 2281 cadet3

201 2306 239 2366 ut
251 2323 310 2370 nos
322 2311 379 2370 aut
390 2308 501 2388 poenis
515 2310 572 2371 aut
584 2311 688 2371 morte
701 2307 872 2388 peribimus
886 2325 1016 2390 omnes,

241 2411 269 2473 si
282 2429 349 2475 nou
358 2417 396 2475 ut
409 2414 490 2478 servi
505 2414 712 2493 subjiciamur
725 2414 764 2475 ei.

202 2522 289 2592 Quae
302 2519 385 2578 mala
397 2521 470 2596 jure
483 2518 539 2580 tibi
554 2520 718 2581 vertentur
730 2520 771 2582 ad
786 2519 980 2599 impietatem

244 2621 288 2704 si,
303 2639 363 2685 nos
377 2625 600 2702 contemnens,
615 2626 736 2688 nubere
750 2623 900 2686 nolueris.
917 2645 932 2681 a

205 2729 259 2790 llla
273 2729 389 2790 refert:
406 2727 500 2790 «Etsi
514 2746 580 2791 non
591 2729 712 2790 nubere
725 2728 978 2811 proposuissem,

244 2831 441 2914 propositum
452 2832 552 2912 pictas
563 2831 704 2896 vinceret
717 2834 749 2894 et
762 2832 862 2912 rati03

205 2939 265 3002 Sed
279 2942 404 3004 constat
416 2956 542 3002 mecum
555 2954 607 3000 me
620 2936 664 3000 nil
678 2953 855 3017 proponere
868 2953 1020 3016 magnum

243 3047 330 3126 quod
341 3063 407 3109 non
418 3063 460 3109 ex
473 3049 578 3110 vestro
590 3044 726 3125 pendeat
738 3042 867 3107 arbitrio
879 3072 888 3125 3

205 3157 287 3233 Ergo
298 3133 466 3234 personam
478 3153 556 3216 mibi
569 3152 714 3233 quaerito
725 3151 967 3215 convenientem
980 3199 988 3232 ,

246 3260 435 3340 quaemihi,
450 3277 532 3339 quae
546 3259 635 3323 vobis
646 3259 732 3322 utilis
746 3276 814 3320 esse
827 3262 943 3340 queat3

207 3364 238 3429 Si
251 3366 358 3426 tamen
371 3366 423 3428 ille
436 3366 468 3443 (l.
481 3365 534 3428 illa
544 3367 568 3439 l)
580 3364 657 3428 mibi
671 3364 766 3428 luerit
778 3363 882 3428 minus
897 3365 1003 3447 utile,
1019 3371 1094 3448 opto

248 3469 415 3533 consilium
427 3472 567 3534 vestrum
581 3488 647 3534 non
663 3470 768 3534 miuus
781 3472 855 3534 iude
869 3473 968 3554 sequi.
987 3495 1001 3529 n

210 3582 276 3641 lloc
286 3579 418 3641 verbum
432 3575 539 3640 statim
552 3595 684 3658 rapuere
695 3578 852 3658 loquentis
864 3580 904 3641 ab
918 3596 991 3660 ore,

249 3681 336 3762 quod
346 3699 513 3761 procerum
526 3682 677 3761 placitum
688 3685 842 3763 spondeat
852 3685 906 3748 illa
920 3686 1008 3766 sequi
1021 3712 1029 3767 ς

210 3793 296 3852 Tunc
309 3788 438 3870 quidam
449 3791 584 3852 sortasse
597 3807 706 3870 senex,
722 3791 773 3854 cui
788 3793 916 3855 credere
928 3792 1062 3874 dignum

249 3895 447 3958 monstrabat
458 3895 597 3975 gravitas
609 3913 752 3975 canaque
766 3897 920 3961 caesaries
933 3946 940 3978 ‚

212 4001 364 4081 Antiquos
378 4017 478 4063 annos
491 4018 671 4064 memorans
683 4003 715 4064 et
729 4006 818 4081 gesta
832 4003 973 4082 priorum

253 4107 397 4188 alloquiis
411 4107 571 4171 dominam
586 4108 699 4172 talibus
714 4109 918 4188 aggreditur:
