2908 4942
697 439 871 497 ...MS-

313 572 346 633 in
361 570 465 633 medio
476 586 613 650 quorum
626 567 802 631 consistens
815 583 873 629 rex
887 566 929 627 ita
944 567 1027 626 latur
1041 591 1047 626 ι

317 675 470 757 oEgregil
483 676 584 756 cives,
598 675 651 738 hic
664 675 712 736 est
724 673 773 738 vir
784 673 900 752 dignus
913 673 1051 749 honore,

315 802 410 866 quem
423 785 544 849 socium
557 782 640 846 facio
655 795 809 860 magnum
823 776 881 842 sibi
890 780 1022 858 junctus
1033 791 1157 854 amore,

314 894 352 954 nt
365 891 453 971 regni
468 906 624 954 summam
637 887 730 950 trado
743 887 957 966 populumque
971 883 1145 964 regendum
1158 912 1167 960 ,

316 998 373 1060 sed
385 997 430 1060 nil
443 997 563 1078 grande
574 1000 682 1058 tamen
691 995 788 1074 iubeo
802 992 870 1056 sine
884 1009 936 1054 me
950 991 1141 1054 laciendum.
1156 1012 1173 1046 u

316 1107 382 1166 Hoc
393 1103 514 1166 dictum
527 1102 610 1182 regis
623 1100 757 1181 placuit,
773 1098 943 1178 cunctique
954 1100 997 1176 (1)
1011 1097 1161 1159 decenter

316 1225 469 1289 excepere
482 1210 611 1288 ducem,
623 1209 714 1287 paret
729 1223 807 1286 gens
819 1209 886 1270 tota
900 1205 1045 1268 libenter.

319 1318 401 1393 Ergo
415 1315 544 1396 Pilatus,
556 1317 650 1395 juxta
664 1313 791 1376 solitum
806 1311 864 1375 sibi
878 1327 1016 1389 morem,

319 1421 352 1483 in
366 1439 400 1483 se
414 1424 603 1484 cunctorum
614 1421 722 1484 studet
735 1419 888 1482 inclinare
902 1420 1062 1497 favorem,

319 1527 564 1608 Muneribusque
577 1528 643 1590 suis
656 1527 715 1590 sibi
730 1525 887 1607 quoslibet
899 1524 1071 1603 alliciebat,

320 1638 353 1698 ot
366 1634 447 1697 fidos
461 1634 565 1697 socios
578 1636 611 1696 et
621 1634 741 1698 amicos
752 1631 916 1696 efficiebat.

378 1744 548 1822 Postquam
560 1740 679 1804 Pilatus
692 1740 793 1803 cernit
804 1739 861 1802 sibi
876 1743 990 1803 cuncta
1003 1740 1153 1817 subesse,

322 1846 431 1926 incipit
444 1847 558 1910 Herodi
574 1847 642 1927 regi
657 1845 839 1910 contrarius
852 1863 939 1922 esse,

323 1957 385 2016 Nec
397 1971 454 2016 sua
466 1953 571 2016 reddit
581 1953 625 2033 ei,
638 1971 698 2016 nec
712 1954 845 2032 dignum
860 1952 935 2015 dicit
947 1956 992 2028 (2)
1003 1954 1137 2033 honore,

322 2077 381 2121 neo
395 2058 492 2120 tantis
503 2057 624 2119 meritis
637 2057 730 2119 simili
742 2059 911 2136 respondet
922 2073 1049 2138 amore,

323 2163 383 2227 Sed
394 2163 523 2224 mittens
533 2157 667 2224 Romaim
680 2163 911 2241 quamplurima
925 2164 1010 2227 dona
1022 2167 1185 2244 precatur,

324 2272 361 2332 ut
372 2269 427 2350 (3),
443 2268 469 2331 si
479 2269 659 2348 praevaleat
671 2267 758 2347 regi,
772 2285 907 2347 regnare
917 2269 1052 2332 sinatur.

323 2374 495 2438 Confestim
507 2377 551 2450 (l)
564 2377 679 2437 Caesar
690 2372 850 2436 concessit
861 2379 977 2438 cuncta
991 2377 1124 2456 petenti:

325 2499 400 2544 nam
411 2479 541 2561 quaevis
552 2485 670 2543 Romae
678 2479 802 2542 venalia
812 2483 888 2544 sunt
900 2481 1060 2546 tribuenti.

325 2587 466 2651 Caesaris
479 2605 611 2650 assensu
624 2588 773 2649 votorum
787 2587 850 2648 line
863 2588 1000 2668 potitus,

327 2694 437 2774 arripit
447 2693 614 2773 imperium
624 2693 674 2756 vir
687 2692 849 2755 adomnia
862 2713 958 2773 prava
972 2695 1107 2774 peritus.

386 2799 468 2862 lleu!
480 2802 636 2880 quantum
647 2797 773 2863 virtutis
786 2800 884 2862 habes
897 2801 979 2862 mala
992 2803 1034 2877 (5)
1045 2802 1135 2884 copia
1148 2804 1263 2868 dandi!

328 2911 386 2969 Per
400 2909 432 2968 te
446 2907 638 2968 damnantur
649 2904 727 2984 justi
741 2907 917 2986 florentque
929 2909 1073 2990 nefandi,

327 3019 386 3077 Per
399 3017 431 3075 te
444 3011 650 3091 consequitur
659 3011 813 3091 quidquid
825 3029 916 3075 mens
930 3019 1036 3094 captat
1048 3019 1184 3101 habere,

328 3138 403 3182 nam
413 3119 468 3182 vix
482 3121 530 3180 est
541 3116 668 3198 aliquis,
684 3117 737 3197 qui
752 3135 839 3197 spem
852 3137 919 3182 non
930 3125 1029 3200 ponat
1042 3123 1074 3184 in
1087 3130 1186 3206 aere(
1210 3133 1229 3203 ).

329 3223 464 3302 Surripis
475 3225 517 3299 (7)
528 3239 622 3284 omne
635 3223 756 3284 bonum
767 3227 820 3303 (8),
833 3226 1017 3304 supplantas
1030 3229 1134 3290 omnia
1145 3232 1237 3312 jura,

329 3329 473 3392 illicitum
483 3326 667 3407 licitumque
680 3325 774 3390 simul
785 3327 901 3392 misces
914 3331 956 3408 (9)
969 3332 1037 3394 sine
1048 3349 1125 3396 cura
1139 3361 1147 3414 3

330 3439 376 3497 Tu
390 3434 447 3496 das
460 3431 624 3513 ccclesias,
638 3433 853 3515 praebendas,
869 3435 1106 3518 pontificatum,

279 3684 308 3739 ll)
321 3681 354 3738 B3
368 3684 403 3736 A,
418 3681 434 3726 C
449 3685 472 3726 et
481 3685 543 3726 notre
557 3693 601 3726 ms.
617 3679 719 3726 curretis.
852 3683 881 3740 (5)
893 3683 952 3728 diali
961 3697 1001 3742 par
1015 3697 1094 3732 erreur
1103 3687 1158 3732 dans
1167 3694 1233 3734 notre
1244 3701 1284 3734 ms.

281 3761 344 3818 (Μ
363 3767 385 3806 θῑ
402 3761 431 3816 Gt
453 3759 521 3806 Μ
538 3761 594 3806 ⁶³³⁵
613 3765 678 3806 ”0²¹⁰
698 3772 742 3806 ¹¹¹⁵·
767 3764 790 3804 0²
852 3771 880 3827 (6)
895 3772 936 3818 Ges
954 3773 1013 3817 deux
1030 3785 1083 3820 vers
1097 3779 1147 3820 sont
1162 3777 1290 3834 transposes
1303 3775 1361 3821 dans

254 3825 310 3868 dans
324 3824 353 3868 A.
825 3833 855 3888 B,
866 3840 889 3878 et
902 3839 1024 3890 manquent
1035 3837 1090 3882 dans
1103 3842 1167 3882 notre
1179 3850 1224 3883 ms.
1238 3846 1259 3884 et
1270 3839 1325 3882 dans
1334 3839 1362 3882 A.

255 3903 315 4008 mig)⁴
328 3901 359 3955 B;
374 3899 435 3958 qood
451 3896 506 3944 daus
519 3905 583 3944 notre
597 3911 641 3944 ms.
661 3903 683 3942 et
699 3899 789 3944 deusd
852 3923 880 3977 (7)
895 3923 928 3976 A,
943 3922 975 3977 Β,
991 3923 1023 3977 (23

281 4047 309 4100 (l)
323 4045 354 4098 ll;
369 4042 478 4086 continuo
494 4042 550 4086 dans
563 4047 625 4086 notre
640 4053 682 4085 ms.
701 4042 790 4086 atdans
852 4009 881 4064 (8)
894 4009 925 4062 ¹³³
938 4008 998 4063 A’C
1010 4016 1102 4056 “nm
1114 4023 1159 4057 ¹¹¹⁸·
1175 4018 1214 4057 ⁰¹³
1224 4013 1310 4068 pm·

255 4107 287 4160 A;
300 4105 408 4152 continue
420 4104 475 4148 daus
486 4103 511 4149 C.
854 4100 884 4153 (9,
898 4097 947 4141 Bet
959 4098 989 4154 Gr
1000 4101 1019 4145 Δ
1030 4105 1052 4144 ct
1060 4105 1124 4144 notre
1138 4113 1182 4144 ms.
1199 4107 1239 4145 ont
1250 4103 1362 4148 miscens.

1037 3923 1134 3969 rubeta
1148 3926 1206 3970 dans
1218 3933 1283 3972 notre
1296 3939 1340 3972 ms.
