2926 4952
598 515 637 522 -
655 487 743 540 dt—

118 610 261 680 Quorum
283 609 358 670 tunc
378 609 447 668 erat
468 623 523 672 rex
544 607 636 670 valde
655 607 813 670 timendus
828 643 867 652 -
884 607 1089 689 teudericus,
1108 610 1224 672 Flodo-

157 709 228 773 vaei
240 714 284 785 (1)
298 709 391 772 filius.

117 815 218 892 Cujus
231 814 342 875 oculus
355 813 451 875 subiti
471 813 589 877 doloris
602 812 706 876 nimiis
718 813 909 876 cruciatibus
923 813 967 876 ita
981 818 1029 876 est
1043 818 1225 896 correptuS,

157 952 202 962 —
214 919 249 978 ut
260 916 355 979 nullis
369 916 482 982 diversi
496 917 620 997 generis
633 917 871 980 medicamentis
882 917 923 980 ad
939 919 1106 981 sanitatem
1119 919 1227 998 pristi-

158 1037 235 1082 nam
250 1020 334 1082 ullus
345 1055 386 1067 -
401 1037 475 1082 eum
486 1024 594 1101 posset
605 1021 778 1101 perducere
790 1022 942 1084 medicus.

119 1125 220 1188 Unius
231 1125 316 1189 oculi
329 1126 540 1207 lacrymabilis
548 1125 714 1206 aegritudo
722 1162 763 1171 -
771 1127 936 1189 oculorum
946 1127 1119 1189 multorum
1131 1128 1229 1207 lacry-

158 1249 229 1294 mas
239 1231 390 1297 excitavit
400 1232 434 1294 in
446 1234 581 1313 populo,
595 1269 635 1280 —-
651 1231 736 1312 regis
753 1231 893 1294 animum
906 1231 1011 1294 exitus
1024 1233 1135 1297 incerti
1148 1251 1229 1296 eon-

160 1341 302 1402 turbant.

121 1441 200 1505 Hine
215 1443 320 1523 tangit
331 1442 466 1508 formido
478 1443 589 1507 mortis
599 1469 607 1525 3
619 1479 660 1490 -
673 1442 758 1506 illino
768 1441 957 1522 magnitudo
968 1442 1097 1506 doloris.

121 1547 200 1610 Hinc
211 1551 317 1610 metus
330 1548 493 1612 amittendi
504 1547 650 1628 luminis3
663 1583 704 1596 -
716 1547 802 1610 illinc
812 1547 1004 1611 imminentis
1015 1547 1110 1611 timor
1123 1548 1232 1612 detor-

160 1651 291 1713 mitatis.

122 1759 219 1837 Nam,
244 1757 270 1819 si
294 1773 351 1820 rex
374 1757 498 1820 adforet
518 1758 640 1836 luscus,
663 1790 704 1801 -
724 1753 898 1818 maximum
920 1755 953 1817 in
976 1756 1099 1836 populis
1122 1756 1233 1818 fuisset

162 1860 313 1923 dedecus.

122 1967 185 2026 Aut
197 1963 295 2045 enim,
309 1964 443 2045 turpiter
453 1964 629 2046 regnando,
641 1963 849 2028 deformitatis
859 1968 1000 2046 portaret
1012 1965 1233 2048 opprobrium,

163 2103 205 2113 -
218 2071 275 2130 aut
284 2068 461 2148 perditione
472 2069 555 2133 oculi
569 2069 757 2150 perdidisset
770 2086 915 2148 regnum.

121 2175 228 2235 Unum
239 2187 317 2250 ergo
330 2173 470 2234 restabat
482 2171 549 2252 regi
563 2173 747 2255 eonsilium,
760 2209 801 2220 -
813 2177 867 2255 ut,
882 2173 936 2236 ubi
951 2178 1106 2238 cessasset
1119 2175 1236 2236 huma-

162 2291 241 2336 num
254 2274 446 2356 remedium,
460 2311 502 2322 -
519 2275 570 2338 hie
583 2276 695 2339 adesse
714 2293 844 2339 necesse
856 2280 925 2339 erat
945 2277 1087 2368 divinum
1105 2276 1237 2358 adjuto-

163 2396 258 2440 num.

122 2481 265 2544 Audiens
277 2479 375 2559 igitur
385 2497 441 2543 rex
455 2482 572 2543 famam
582 2451 771 2546 venerahilis
782 2479 904 2543 abbatis
915 2478 1095 2560 teuderici,
1110 2514 1150 2526 -
1159 2481 1232 2559 jus-

162 2586 206 2649 sit
220 2602 294 2648 eum
307 2584 349 2646 ad
361 2601 396 2647 se
409 2585 532 2667 vocari,
546 2621 587 2632 -
599 2588 650 2667 et,
672 2603 746 2650 eum
758 2586 911 2667 venisset,
937 2585 1076 2649 ostendit
1099 2585 1129 2648 ei
1146 2603 1235 2649 mor-

162 2692 240 2752 bum
253 2688 438 2751 miserahilis
456 2678 550 2752 oculi.

123 2799 277 2860 Monstrat
287 2811 423 2874 poenam
435 2811 531 2872 quam
544 2792 674 2873 patitur,
690 2792 905 2872 —praevenit
918 2794 1058 2872 pericula
1077 2812 1160 2873 quae
1181 2811 1238 2858 ve-

63 2885 66 2892 *
165 2904 269 2980 retur,
283 2933 325 2944 -
337 2897 470 2976 supplex
481 2895 638 2978 deposcit,
653 2896 808 2959 subnixus
822 2894 960 2974 rogitat,
979 2894 1110 2956 tinniter
1131 2899 1237 2975 sperat

165 3007 335 3070 sanitatem
349 3019 446 3083 quam
458 3020 476 3064 a
488 2999 622 3064 Domino
632 3017 689 3080 per
701 3016 796 3062 suurn
809 3015 936 3062 servum
948 2998 1146 3077 deprecatur.
1267 3067 1274 3076 ,

124 3115 215 3173 Tune
227 3108 276 3174 vir
288 3105 341 3170 Dei
352 3153 360 3187 ,
373 3105 477 3168 sciens
487 3103 637 3170 virtutem
655 3120 722 3165 non
739 3118 808 3164 esse
829 3102 988 3164 humanae
1002 3101 1181 3180 tragilitatis
1200 3137 1240 3148 --

166 3213 223 3276 sed
236 3209 362 3275 divinae
375 3208 567 3289 operationis
576 3223 753 3290 ,-corpus
765 3207 833 3268 solo
846 3204 1169 3287 stemit,—animum
1181 3223 1240 3269 su-

165 3338 223 3401 per
236 3317 339 3381 sidera
351 3315 461 3397 erigit,
475 3351 516 3360 -
529 3317 633 3377 totum
646 3331 681 3376 se
692 3312 829 3375 orationi
847 3311 1024 3375 committit.

125 3426 247 3492 Deinde
259 3425 389 3505 peracto
410 3423 508 3484 terme
532 3419 627 3483 unius
646 3421 744 3482 horae
766 3419 883 3500 spatio,
908 3421 1013 3482 certus
1033 3417 1121 3497 quod
1144 3421 1238 3483 oculo

167 3533 253 3612 regis
266 3532 374 3592 lumen
389 3526 557 3607 impetrare
576 3523 750 3587 meruit-
772 3523 948 3587 orationem
967 3520 1079 3584 finivit.

125 3642 331 3719 Tandemque
345 3649 496 3715 surgens,
510 3634 616 3695 erecto
634 3628 677 3691 ad
689 3629 792 3691 sidera
806 3630 916 3708 vultu,
936 3629 1065 3690 sanctae
1080 3626 1239 3693 trinitatis

166 3763 287 3812 nomen
299 3741 428 3806 invocat
439 3740 472 3814 (l.
485 3735 685 3816 invocanti),
700 3769 740 3780 —-
753 3731 814 3795 olei
822 3731 922 3794 sancti
933 3735 1095 3811 paululum
1105 3737 1239 3798 summi-

168 3849 228 3914 tati
236 3845 357 3928 pollicis
370 3839 509 3905 infundit
521 3840 555 3915 (i.
570 3835 727 3912 infuditt).

154 4055 187 4111 (t)
199 4048 367 4099 chlodovaeum
390 4049 449 4090 cette
468 4042 537 4088 iorum
558 4039 667 4098 d'aspira-
702 4036 812 4111 temptate
825 4035 881 4080 dans
891 4035 1006 4108 beaucoup
1021 4039 1049 4083 de
1063 4044 1119 4084 mets
1137 4041 1156 4084 ie
1175 4042 1240 4088 sdes

130 4117 174 4160 tion
188 4119 223 4158 est
242 4107 410 4163 remarquabte,
428 4105 483 4148 e'est
504 4114 547 4147 une
564 4108 622 4144 sorte
640 4102 667 4144 de
702 4101 777 4144 Latius
788 4109 829 4154 per
841 4111 871 4142 un
884 4110 912 4142 a:
927 4097 991 4154 tipo,
1003 4100 1088 4156 nocer,
1103 4101 1165 4145 usto.

127 4179 242 4233 digamma
254 4171 353 4224 telique:
369 4179 397 4212 ou
409 4168 451 4211 soit
463 4177 507 4221 que
522 4163 639 4218 i'espagnol
654 4173 666 4206 a
