2908 4942
731 487 891 541 ..270-

303 730 485 811 Colrlplos'ute
504 749 554 791 sur
576 732 607 790 lc
624 747 786 808 perspecere
809 727 844 786 de
863 727 895 786 lu
913 731 992 784 mort
1010 723 1044 782 de
1063 721 1186 781 Clarlcs
1208 721 1233 778 lc
1250 719 1321 796 lon,

624 844 713 896 comte
727 836 762 896 de
775 834 933 907 Fluedre(
958 835 977 904 l.

548 1028 707 1107 Descripta
720 1031 823 1090 morte
833 1022 971 1087 consulis

547 1135 670 1198 cunctis
683 1134 783 1197 invisa
796 1130 938 1212 populis,

500 1283 503 1290 .
548 1242 694 1323 lacrymis
707 1240 810 1303 llenda
825 1239 941 1300 sedulis

548 1354 580 1411 et
590 1347 731 1411 inaudita
746 1347 899 1426 sacculis,

547 1481 771 1544 Describuntur
783 1478 921 1543 crudelia

547 1588 714 1667 impiorum
728 1585 896 1665 supplicia,

547 1714 629 1776 quae
641 1713 698 1774 pro
712 1712 770 1756 sua
783 1692 923 1772 nequitia

546 1804 744 1882 pertulerunt
757 1800 790 1862 in
804 1799 958 1861 Flandrie.

546 1940 633 1998 lusta
647 1936 700 1998 Dei
714 1935 854 2014 potentia

508 2112 512 2121 ¹
548 2044 657 2104 volens
671 2045 758 2103 tanta
773 2042 908 2120 flagitia,

548 2148 706 2227 suppliciis
720 2149 876 2226 obnoxia,

547 2255 650 2334 puniri
664 2273 737 2346 cnm
749 2256 889 2334 justitia,

548 2395 639 2458 Mittit
653 2397 693 2457 ab
705 2400 813 2460 austro
824 2395 959 2460 indicem
969 2402 1001 2473 (l.
1010 2399 1172 2481 jndicem),

545 2502 687 2582 justitiae
701 2503 846 2582 opificem

214 2769 219 2778 ,
285 2725 314 2778 (l)
329 2724 356 2768 Sa
373 2727 429 2766 mort
446 2721 479 2764 lut
493 2721 575 2775 rengee
589 2719 609 2761 la
624 2721 695 2762 meme
711 2720 794 2773 anne'e;
832 2722 969 2766 masticando
987 2722 1129 2768 devorabat:
1148 2722 1268 2778 aliquando
1288 2721 1367 2770 eliau,

258 2785 315 2830 voici
326 2785 345 2828 le
361 2783 417 2827 re'clt
430 2782 457 2825 de
471 2781 540 2837 Super
555 2794 561 2825 ι
575 2780 626 2824 lam
643 2791 696 2835 crgo
709 2779 736 2823 de
750 2780 795 2823 vita
832 2783 890 2838 quod
904 2783 1008 2828 horribile
1019 2783 1080 2829 dictu
1095 2790 1142 2838 est,
1156 2783 1310 2838 stercorabat3
1323 2782 1363 2825 sic·

258 2847 290 2890 eis
301 2843 479 2901 desperantibus,
491 2854 543 2886 cum
552 2842 600 2896 jam
611 2839 633 2882 in
646 2840 730 2885 luctum
741 2853 795 2885 ver·
831 2855 875 2900 que
895 2843 999 2890 miseram
1014 2845 1095 2898 vitam,
1115 2845 1214 2889 miserior
1232 2845 1366 2894 miserrimo,

258 2913 341 2952 teretur
355 2907 447 2970 cpttqara
461 2915 552 2958 eorum,
566 2908 589 2948 et
599 2913 708 2958 organum
719 2915 796 2948 sorum
832 2911 902 2951 morte
913 2911 1020 2962 perpetua
1033 2907 1166 2952 terminavit.
1185 2907 1248 2962 Quos
1262 2905 1365 2950 antemio

257 2971 365 3014 invocem
376 2967 490 3020 flentium,
502 2964 650 3022 nequissimus
657 2963 795 3018 Bucbardus,
832 2973 893 3013 turre
904 2967 1025 3014 incluserat
1037 2969 1109 3012 multis
1119 2968 1227 3023 angustiis
1238 2966 1267 3011 ad
1278 2967 1367 3010 deditio-

255 3029 366 3075 sociorum
378 3040 486 3074 consensu
497 3027 548 3083 luga
558 3026 643 3083 lapsus,
653 3030 735 3070 terram
747 3027 795 3070 eri·
831 3040 882 3072 nem
892 3040 986 3084 cogens,
996 3030 1104 3085 sigillatim
1114 3041 1183 3072 unum
1194 3036 1243 3084 post
1254 3029 1323 3072 alium
1333 3039 1369 3072 oo·

256 3091 370 3136 revolans
387 3101 429 3133 nec
442 3091 530 3142 ualens,
544 3087 589 3131 sola
608 3087 724 3142 iniquitate
742 3099 795 3142 pro·
830 3100 878 3133 ram
893 3090 938 3134 suis
952 3090 1030 3136 fractis
1044 3089 1168 3136 culicibus
1182 3091 1271 3145 dejecit.
1286 3091 1368 3145 Quem-

256 3153 304 3208 prla
314 3151 480 3209 pmbibento,in
490 3149 594 3192 firmitate
606 3147 794 3202 cujusdamamicl
830 3149 882 3193 dam
901 3151 968 3195 etiam
983 3165 1075 3206 eorum,
1088 3151 1154 3197 lsaao
1172 3152 1277 3204 nomine,
1295 3151 1369 3194 timore

256 3219 279 3258 et
298 3212 412 3258 familiaris
428 3222 550 3262 reversus,
573 3209 707 3266 interceptus
727 3209 795 3264 Regis
831 3211 908 3254 mortis
920 3211 944 3254 in
960 3213 1093 3258 monasterio
1107 3212 1206 3268 quodam
1220 3218 1369 3264 tonsoratum,

257 3275 362 3332 imperio,
376 3275 486 3329 exquisito
499 3276 595 3316 miserae
609 3271 686 3316 mortis
699 3282 793 3326 genere,
830 3271 1014 3318 demonachatum
1024 3273 1122 3330 patibulo
1134 3273 1212 3316 affixit.
1227 3273 1315 3318 Potitus
1326 3273 1368 3316 ita—

256 3338 301 3381 alta
314 3339 364 3379 rota
377 3334 537 3390 superligatus,
552 3344 669 3377 corvorum
683 3335 705 3374 et
719 3330 795 3374 alitum
829 3344 873 3388 que
883 3334 988 3390 brugensi
998 3335 1156 3390 vicarianos
1164 3347 1216 3379 cum
1227 3335 1272 3378 suis
1284 3335 1368 3390 lpram,

257 3395 377 3451 rapacitati
386 3395 507 3451 expositus,
516 3393 688 3449 desuperoculis
697 3391 796 3435 defossus
830 3395 978 3452 peroptimum
1004 3402 1104 3441 castrum
1127 3402 1204 3440 contra
1231 3395 1370 3440 Guillelmum

257 3464 279 3504 et
294 3462 339 3501 tota
351 3456 408 3500 laoie
420 3456 569 3510 dilaceratus,
581 3455 709 3500 interiorum
722 3453 795 3509 sagit·
830 3456 974 3512 bastardum,
992 3450 1120 3513 proditionis
1131 3458 1254 3508 lautorem,
1276 3463 1302 3500 ut
1315 3462 1338 3500 et
1350 3456 1369 3498 in

257 3521 286 3564 tis
303 3524 326 3563 et
336 3518 419 3563 lanceis
437 3523 459 3562 et
468 3518 549 3571 jaculis
562 3517 640 3561 millies
657 3515 794 3571 perforatus,
830 3530 881 3562 eum
901 3519 1029 3572 ulciscatur,
1043 3521 1161 3566 accelerat.
1181 3519 1308 3574 Brugenses
1327 3523 1369 3560 tam

257 3581 381 3625 miserrime
392 3579 533 3632 interiectus,
543 3579 566 3622 in
576 3579 674 3623 cloacam
683 3578 795 3633 projectus
830 3577 895 3622 minis
905 3591 972 3636 quam
986 3578 1111 3635 blanditiis,
1125 3579 1216 3623 directis
1226 3578 1253 3622 ad
1264 3589 1304 3620 eos
1313 3589 1370 3621 nun-

184 3655 185 3658 ’
257 3648 301 3688 est.
318 3641 433 3687 bertoldus
447 3639 517 3696 (altas
531 3639 795 3694 Bertulluslverooaput
830 3639 1369 3696 tiis,allicit.DumqueGuillelmuscumtreceo-

257 3703 379 3760 iniquitatis
393 3715 444 3746 cum
460 3703 559 3748 similiter
570 3701 668 3756 effugere
681 3700 796 3745 decrevis-
831 3701 858 3745 tis
874 3701 978 3746 militibus
991 3701 1012 3746 ei
1027 3703 1115 3755 obviat,
1131 3702 1202 3746 altera
1219 3710 1270 3756 pars
1287 3700 1368 3754 regalis

257 3771 306 3819 set,
321 3777 371 3808 cum
389 3764 432 3808 buc
452 3764 547 3820 illucque
561 3761 736 3816 deambulasset,
748 3761 795 3805 sola
829 3763 942 3807 exercitus
954 3764 977 3806 in
990 3776 1043 3808 eum
1055 3763 1133 3818 irruit3
1145 3762 1215 3806 altera
1227 3772 1255 3804 er
1265 3759 1368 3816 obliquo,

256 3826 359 3884 superbia
372 3837 476 3870 resersus
489 3825 586 3882 [dicebat
599 3823 795 3879 enim2Quiscgo
829 3823 872 3869 alia
895 3830 969 3881 porta,
991 3825 1105 3869 castellum
1128 3824 1234 3868 audacter
1256 3829 1367 3878 occupem

257 3888 356 3945 autquid
365 3899 406 3943 ego
415 3887 502 3942 sumt),
516 3886 584 3930 etium
594 3885 680 3942 capitur
689 3891 719 3939 ct,
727 3885 795 3940 llegis
829 3898 900 3941 eoque
912 3891 1012 3938 retento,
1024 3886 1162 3930 Guilelmum
1176 3895 1190 3928 a
1207 3888 1252 3928 tota
1265 3881 1366 3927 l‘laudr'u

256 3949 348 3994 arbitrio
376 3949 500 4005 expositus,
524 3947 602 3991 merita
625 3952 648 3990 et
672 3946 794 3990 miserrima
829 3947 1002 3992 exhaeredatum
1016 3947 1161 3996 exterminata
1176 3945 1211 3989 De
1224 3945 1276 3987 os'to
1289 3943 1369 3988 Ludo-

258 4017 327 4056 morte
339 4015 372 4054 est
381 4011 508 4054 damnatus.
524 4007 602 4052 Furcis
613 4009 672 4051 enim
680 4016 731 4052 cum
739 4020 794 4053 cane
828 4009 878 4053 vics·
900 4009 988 4065 pressi,
1009 4008 1073 4064 reps's
1092 4007 1255 4055 Francorum
1276 4005 1333 4049 dans
1351 4005 1367 4047 le

258 4083 387 4128 suspensus,
402 4071 489 4128 quoties
504 4070 565 4115 canis
580 4070 757 4124 percutiebatur,
774 4072 795 4114 in
831 4069 917 4114 lterum
940 4069 1083 4124 pullicorum
1103 4069 1242 4124 scriptores,
1269 4073 1285 4110 t.
1310 4067 1365 4116 xli,

258 4145 309 4177 cum
323 4134 379 4177 irem
399 4138 541 4188 retorquens,
564 4138 632 4176 totam
649 4131 728 4176 faciem
749 4133 796 4185 ejus
831 4145 853 4186 p.
866 4136 898 4174 titi.
