2902 4940
534 459 696 514 -267-

353 585 386 642 et
400 598 465 662 nep
478 581 624 642 audenda
638 598 714 644 ausa
728 597 780 659 es,

350 703 425 765 prae
439 686 571 748 caeteris
583 687 761 766 spernenda
774 702 818 746 es.

349 824 373 882 0
388 819 514 882 infelix!
530 823 555 882 0
569 819 702 899 misera,

350 925 486 988 crudelis
497 929 530 987 et
539 925 703 1005 pestifera!

349 1035 410 1094 Cur
422 1031 554 1093 intulisti
569 1032 717 1110 vulnera,

347 1138 444 1218 patris
458 1139 620 1201 tundendo
632 1138 771 1201 viscera?

347 1274 408 1333 Cur
426 1272 486 1332 hoc
504 1273 608 1333 scelus
628 1267 831 1349 perpetrasti?

346 1376 435 1439 Pacis
445 1379 516 1456 jura
531 1375 743 1453 conturbasti,

343 1482 499 1562 justitiam
512 1482 654 1562 violasti,

345 1590 466 1667 patrem
481 1591 571 1649 tuum
580 1586 744 1665 jugulasti.

346 1720 426 1794 Quid
439 1719 529 1782 vobis
543 1720 668 1798 deerat,
685 1720 771 1798 impii
786 1724 830 1794 (t)

347 1825 542 1889 crudelitatis
555 1823 625 1903 filii,

346 1931 426 1993 tanti
440 1931 566 1994 sceleris
577 1929 714 2011 conscii,

347 2036 467 2099 timoris
478 2036 531 2098 Dei
545 2036 654 2098 nescii.

345 2172 413 2231 Nou
423 2186 549 2248 aurum,
560 2172 674 2249 vesteS,
688 2167 827 2246 praedia,

344 2292 409 2336 nun
423 2291 579 2354 equorum
591 2273 730 2336 subsidia
747 2302 753 2333 2

345 2397 421 2459 ergo
435 2397 493 2458 pro
506 2381 605 2442 multa
620 2379 710 2458 copia

345 2481 531 2561 perpetratis
545 2482 675 2561 flagitia.

346 2617 370 2676 0
383 2629 529 2676 moerore
541 2615 634 2691 plena
648 2615 734 2696 dica,

348 2719 446 2782 nostri
458 2720 562 2780 luctus
576 2720 741 2798 materies,

347 2842 409 2903 qua
423 2823 532 2886 finitur
547 2827 654 2886 nostra
666 2823 755 2902 quies
768 2874 775 2901 ,

346 2945 403 3007 per
413 2928 568 3008 malignas
582 2929 768 3006 progenies!

347 3060 437 3123 Omni
451 3060 602 3139 privanda
616 3058 755 3137 lumine,

346 3171 428 3228 tetro
440 3167 593 3228 fuscanda
608 3165 754 3246 turbine,

345 3291 409 3352 quo
420 3272 540 3351 patriae
553 3273 584 3350 (l.
600 3289 662 3351 qua
675 3271 790 3351 patria)
803 3272 975 3337 munimine

346 3377 487 3456 privatur
500 3383 532 3440 et
545 3377 707 3457 regimine.

345 3511 512 3589 impudens
525 3512 599 3589 luge
613 3511 775 3592 Flaudria,

346 3617 432 3697 gravi
448 3615 543 3695 digna
557 3616 700 3679 miseria!

347 3721 412 3782 Tibi
425 3724 555 3783 manent
568 3723 720 3803 supplicia

346 3827 456 3889 mortis
470 3829 696 3891 inscrutabilia.

68 4065 187 4173 trudeim
199 4071 258 4126 ligae
272 4081 285 4114 a
297 4081 339 4116 une
351 4071 433 4126 saltate
450 4071 478 4116 de
494 4079 542 4125 trop
555 4083 599 4126 que
614 4071 687 4116 taisait
702 4083 753 4116 sana
770 4071 837 4116 doute
850 4071 983 4127 disparatus
994 4071 1015 4116 ta
1028 4070 1165 4116 contractiou
