2902 4940
554 496 717 552 -217-

309 623 410 683 totum
426 621 582 681 monstrnt
597 618 822 697 administris,

387 725 473 805 quod
488 725 562 787 feeit
575 725 728 789 convivia.
746 719 750 726 ’

307 867 371 924 Hoc
386 863 435 922 est
447 876 554 922 meum
568 860 758 939 consuletis,

309 965 396 1044 quod
408 967 578 1042 utrumque
597 964 779 1044 deponam,

311 1074 345 1132 et
355 1069 471 1133 Prioris
484 1072 517 1132 et
531 1067 678 1149 Abbatis‚

391 1175 432 1236 ed
445 1191 502 1235 sun
516 1172 637 1252 piloria.

312 1321 372 1378 Per
385 1317 447 1378 hoe
460 1316 519 1378 erit
534 1315 712 1396 castigetis,

312 1421 415 1485 omnis
427 1424 535 1484 noster
547 1419 738 1500 subjugetis,

314 1522 416 1602 Prior,
431 1524 559 1600 Cierus,
574 1526 608 1583 at
622 1521 768 1600 Abbatis³

392 1646 433 1690 ne
445 1629 516 1706 plus
529 1631 640 1707 potent
653 1627 760 1690 nimia.

314 1777 417 1842 Absit!
435 1776 511 1840 dicit
525 1777 606 1838 alter
617 1778 738 1856 eleru5‚

317 1882 390 1962 qnia
403 1880 483 1944 bibit
495 1897 608 1959 parurn
621 1896 746 1959 merus,

318 1985 403 2064 quod
420 1983 551 2063 punitur
564 1986 629 2044 tarn
643 1999 772 2045 severus

397 2105 453 2167 per
466 2090 574 2151 noster
587 2086 756 2148 consortia.

318 2225 406 2286 Esset
419 2222 502 2285 enirn
516 2223 595 2285 haee
609 2220 727 2302 riotuS,

318 2329 405 2409 quod
417 2346 475 2409 pro
489 2329 605 2390 stultus
618 2327 733 2390 horum
746 2339 861 2406 ponis⁷

318 2435 489 2498 sustineret
503 2435 606 2496 clerus
621 2435 707 2495 totus

397 2538 499 2617 pudor
513 2541 544 2598 et
558 2536 729 2599 seandalia.

318 2678 436 2740 Volunt
445 2690 556 2737 omnes
568 2672 696 2753 quidem
706 2677 797 2753 jure5

319 2778 405 2858 quod
417 2795 474 2856 per
487 2793 594 2839 meum
608 2777 779 2839 ioriectura

321 2883 400 2945 alter
412 2882 518 2944 nullus
530 2882 591 2942 fert
603 2880 747 2958 laesura,

402 2985 459 3048 sed
469 3003 527 3065 pro
539 3001 596 3046 sua
610 2981 697 3046 vitia.

322 3125 383 3205 sed
394 3123 439 3188 sie
450 3123 547 3186 instat
560 3121 592 3184 in
606 3121 752 3202 privatis,

323 3229 372 3292 bis
385 3247 442 3292 sex
455 3244 580 3290 marens
594 3227 648 3289 det
661 3227 789 3291 Abbatis
802 3277 814 3306 ‚.

322 3332 411 3396 Prior
423 3330 529 3410 denis,
544 3334 577 3393 et
589 3334 639 3393 est
649 3332 741 3411 satin

402 3435 438 3495 ut
451 3432 569 3495 nonsit
582 3431 721 3494 infamia.

324 3569 430 3630 Placet
442 3568 505 3629 hoe
517 3567 558 3628 ad
572 3584 631 3629 nos
641 3566 789 3647 AntistiS‚

327 3671 405 3732 dent
419 3669 460 3732 ad
473 3687 622 3748 praesens
635 3688 783 3733 nummos
797 3669 866 3731 istis
878 3717 888 3749 ⁷

329 3775 386 3838 sed
397 3774 423 3837 si
437 3777 568 3855 potent,
583 3778 620 3837 ut
630 3775 780 3856 audistis,

410 3897 574 3958 nunquam
585 3880 681 3942 habet
694 3897 817 3960 supera.

330 4017 414 4080 Dixit
425 4019 527 4080 Abbas
540 4016 581 4078 ad
595 4015 709 4080 Prioris
722 4045 729 4078 z

331 4125 407 4184 Date
417 4121 495 4184 mihi
506 4122 547 4185 de
558 4121 706 4203 liquoris⁷
