2902 4940
544 473 708 528 -asl-

88 598 240 660 transeunt
252 599 285 660 in
297 597 374 661 mari
386 615 503 677 magno
518 599 553 658 ut
566 600 649 660 terra
660 594 830 658 siccissima
842 619 850 672 3

89 707 198 785 Moyses
211 705 317 770 educit
329 723 428 786 aquas
444 704 483 768 de
496 707 584 786 petra
598 701 777 767 durissima.

88 841 156 900 Nam
168 841 204 900 ut
216 839 347 902 veniunt
360 839 400 901 ad
415 842 529 902 Curras
538 842 593 918 (1),
608 838 762 917 quasdam
776 833 872 896 maris
882 833 1020 910 insulas,

88 943 134 1004 ubi
146 945 246 1007 nullas
259 945 336 1010 vidit
347 947 379 1024 (l.
394 945 514 1020 vident)
528 961 625 1024 aquas
640 943 680 1006 ad
693 941 869 1022 potandum
880 939 1042 1019 limpidas,

89 1047 120 1109 rit
129 1050 202 1130 hoc,
215 1051 285 1114 visu
298 1055 332 1114 et
342 1051 451 1115 audito
461 1055 494 1130 (l.
510 1051 649 1126 auditui)
663 1051 756 1116 nimis
767 1047 966 1130 admirabile,

87 1155 162 1215 terra
173 1173 285 1235 parum
298 1157 520 1241 circumfossa,
536 1162 648 1240 potant
661 1176 776 1239 aquam
789 1157 928 1237 largiter.

87 1286 158 1346 Sunt
168 1289 285 1352 reversi
298 1290 425 1370 gloriosi
438 1291 553 1356 virtuto
566 1290 701 1354 mirabili

88 1395 130 1472 et,
143 1411 205 1472 quo
219 1394 313 1460 durat
324 1400 368 1476 (2)
379 1397 438 1460 iste
450 1397 589 1462 mundus
601 1400 724 1462 bonore
736 1397 885 1461 laudabili
898 1444 906 1477 ,

87 1499 188 1560 sanato
199 1501 321 1564 Christo
335 1505 562 1566 eonsecramnt
575 1504 795 1584 perpulchram
808 1501 989 1579 ecelesiam,

88 1603 116 1661 et
127 1620 179 1680 per
191 1607 300 1670 orbem
314 1607 497 1673 universum
509 1609 632 1674 Sanctis
644 1609 798 1674 mandant
809 1607 961 1690 praemia.

88 1735 142 1796 Sed
154 1736 225 1820 tibi,
239 1741 360 1821 Regina
373 1742 472 1823 ooeli,
487 1743 577 1804 stella
591 1743 686 1804 maris
697 1743 834 1823 inclyta,

89 1840 198 1906 donant
212 1851 329 1911 cuncta
342 1849 478 1928 pretiosa
492 1851 525 1911 et
536 1851 651 1913 cuneta
664 1848 796 1928 erinna,

89 1949 164 2012 unde
174 1955 230 2014 tua
245 1953 279 2016 in
292 1957 456 2017 aeternum
470 1953 645 2034 splendebit
657 1952 809 2034 ecelesia,

90 2070 175 2138 auro,
190 2057 341 2139 gemmis,
357 2062 412 2136 [et]
425 2059 604 2140 margaritis
617 2062 650 2122 et
662 2059 763 2140 palliis
777 2058 952 2138 splendida.

90 2187 202 2254 Clericis
214 2194 269 2274 qui
281 2198 516 2275 remanserunt,
531 2199 682 2276 perpetuo
693 2192 889 2274 servitiol3),

90 2290 278 2363 donaverunt
289 2303 395 2380 partes
408 2301 513 2376 du(as)
526 2300 686 2365 communi
697 2299 828 2364 oonsilio
842 2327 850 2381 3

90 2395 127 2458 sic
139 2403 282 2487 volebas,
298 2410 333 2468 tu
343 2407 480 2487 Regina,
495 2407 540 2470 sio
550 2408 669 2488 rogasti
682 2408 782 2471 lilium

90 2505 170 2582 cuius
181 2509 242 2574 illis
252 2513 427 2593 praebuisti
437 2513 471 2575 in
486 2515 610 2578 eunetis
623 2513 787 2578 auxilium.

91 2631 128 2694 Sit
138 2636 203 2703 laus
215 2643 293 2724 tibi,
308 2644 400 2708 Trina
413 2647 515 2725 Deus,
533 2663 617 2708 unus
628 2649 660 2708 et
674 2645 840 2727 altissime,

91 2752 172 2819 super
183 2764 296 2812 omnes
310 2751 462 2829 glorioso,
477 2749 511 2811 in
524 2750 647 2814 cunetis
659 2750 849 2833 fortissime,

90 2843 135 2919 lui
145 2847 294 2930 timere[t]
308 2856 341 2916 et
354 2857 497 2933 amare[t]
511 2853 606 2918 debes
616 2872 710 2935 super
725 2857 754 2932 (l.
769 2855 901 2919 debetur
912 2861 1001 2936 per?)¹
1010 2855 1140 2934 omnia,

91 2951 170 3030 Cujus
182 2963 292 3024 manet
305 2959 373 3022 sine
386 2959 450 3021 fine
464 2957 652 3040 sempiterna
665 2958 781 3038 gloria!

337 3171 436 3233 Clam
449 3190 501 3234 sor
515 3173 548 3234 la
560 3178 638 3236 mort
651 3173 686 3234 de
698 3174 857 3254 Laosrooe
871 3175 921 3255 (l).

125 3347 167 3410 Eu
180 3351 244 3418 hen
257 3355 264 3418 ἔ
281 3358 312 3437 (l.
326 3357 443 3434 Ebesrl)
455 3359 556 3439 ploret
568 3359 696 3441 anglia,
709 3358 802 3424 simul
815 3367 847 3426 et
859 3364 967 3447 ltalia,

125 3454 252 3539 plangat
264 3464 411 3545 Francia,
427 3466 618 3548 lacrymetur
628 3469 661 3529 et
675 3468 875 3553 Alamannia,

115 3656 140 3728 m
152 3659 183 3707 ba
196 3667 289 3722 position
307 3667 334 3712 de
346 3679 384 3714 ees
394 3669 434 3714 llos
452 3681 507 3715 nous
518 3677 552 3716 est
563 3674 622 3718 aussi
683 3672 713 3728 ll)
728 3671 754 3716 B.
773 3671 799 3718 de
820 3673 907 3727 Donni,
927 3684 954 3719 no
974 3680 1026 3732 801,
1048 3687 1103 3724 xrrre
1120 3680 1199 3738 sibelo,

94 3719 353 3776 entiorementlnoonnne.
656 3734 694 3781 tol.
709 3739 760 3786 lob,
774 3743 806 3778 ro.
822 3735 857 3781 ll.
872 3736 903 3780 le
914 3735 968 3794 Glap
982 3739 1045 3784 avait
1066 3742 1115 3797 dtja
1135 3745 1196 3800 paria

116 3777 141 3835 lii
152 3784 272 3838 Paul-etro
285 3791 366 3838 taut-ll
379 3792 420 3838 lire
433 3803 477 3852 quo
491 3794 562 3838 aleret
577 3795 621 3843 isto
656 3795 683 3840 de
697 3807 723 3840 ee
736 3807 777 3840 ms.
793 3797 852 3842 dans
860 3807 896 3842 ees
909 3795 1032 3844 Mtnwirar
1053 3813 1096 3846 ror
1109 3801 1142 3848 les
1156 3805 1196 3849 li-

93 3843 177 3891 mo·
655 3859 798 3916 bliotblpoer
816 3861 852 3906 dae
862 3859 939 3916 Nord,
955 3877 977 3920 p.
988 3869 1041 3920 lla,
1055 3872 1078 3912 et
1089 3867 1144 3912 dans
1156 3882 1195 3914 son

117 3899 141 3957 (3)
153 3905 283 3966 lisanam
294 3921 330 3961 oet
338 3916 469 3962 hemistiobe
483 3929 527 3962 une
538 3917 621 3974 syllaba
655 3922 736 3967 edltion
758 3921 785 3967 de
807 3922 920 3978 Balearic,
954 3923 1085 3972 ceramon
1115 3941 1196 3974 oonte-

95 3955 118 4001 αθ
129 3965 174 4024 imp
192 3984 237 4029 que
253 3975 274 4022 lo
293 3977 361 4023 abant
374 3977 505 4024 dissimulait
521 3991 562 4036 par
578 3991 621 4026 nne
654 3995 751 4028 rotome
773 3986 796 4028 et
816 3984 971 4038 atrebatense,
985 4000 1008 4044 p.
1030 3993 1088 4034 5682
1102 3989 1115 4032 il
1134 3993 1196 4036 avait

95 4026 215 4090 sinalephe,
230 4037 268 4094 qul
282 4038 391 4095 devait,a
405 4041 540 4085 sansadole
552 4041 619 4094 rimo,
656 4048 728 4090 memo
737 4045 810 4102 publia
820 4045 852 4091 les
861 4047 920 4092 deux
931 4050 1052 4104 premieres
1058 4051 1160 4108 strophas
1168 4053 1196 4099 do

96 4087 506 4158 brierplototsurperpoawquosur
516 4102 620 4148 consilto.
658 4117 683 4150 ce
699 4105 753 4162 petit
765 4110 848 4164 poema
868 4120 895 4152 en
915 4107 1043 4164 imprimant
1056 4123 1098 4167 par
1117 4123 1195 4160 orreor
