2914 4944
722 463 761 472 -
776 435 883 489 388-

343 561 418 620 Tam
431 558 555 637 magnis
567 558 664 638 igitur
676 558 836 638 promissis
849 559 902 622 illa
916 560 1010 640 ligata
1024 608 1032 641 ‚

382 663 408 726 si
421 680 568 743 proceres
580 665 727 744 laudent,
743 665 863 726 nubere
877 665 1011 745 spondet
1024 666 1062 728 ei.

309 803 313 810 ·
342 775 430 834 Tunc
444 772 621 834 Machames
635 771 779 850 gaudens
792 769 859 832 exit
870 771 1003 834 festinus
1014 772 1054 832 ab
1065 770 1116 834 illa
1130 797 1138 851 3

382 878 423 942 ad
436 896 582 958 proceres
596 877 711 958 ambit3
726 895 986 958 muneramagna
1000 881 1101 958 parat.

343 989 432 1048 Hunc
446 985 543 1050 trahit
553 985 584 1048 in
599 987 741 1065 partem,
756 988 880 1048 secreto
891 986 1031 1066 postulat
1045 985 1133 1049 illum
1148 1011 1157 1067 3

382 1094 469 1155 hune
482 1092 541 1155 sibi
554 1091 717 1172 promissis
731 1091 846 1172 allicit,
861 1093 948 1156 hune
960 1091 1118 1172 precibus.

343 1201 461 1260 Aurum
474 1197 647 1279 promittit,
662 1202 847 1279 argentum,
866 1199 981 1280 pallia,
995 1203 1119 1281 vester,

383 1304 536 1384 quidquid
551 1307 637 1367 amat
650 1305 805 1385 mundus,
828 1304 982 1386 quidquid
996 1307 1113 1370 habere
1126 1305 1215 1386 cupit
1231 1309 1280 1384 (1).

341 1415 419 1474 Rem
433 1415 541 1475 tamen
556 1415 712 1493 occultat,
727 1413 787 1474 nisi
802 1412 855 1492 qui
870 1414 903 1487 (l.
916 1412 968 1475 eui
978 1417 1002 1489 ?)
1019 1413 1193 1478 firmaverit
1206 1418 1282 1477 ante

382 1518 468 1598 quod
482 1519 565 1581 ferat
576 1536 618 1581 ex
630 1521 700 1582 toto
715 1518 810 1581 eorde
821 1522 973 1599 juvamen
986 1521 1027 1581 ei.

342 1629 511 1707 Postquam
524 1643 580 1706 per
590 1629 695 1706 partes
708 1628 887 1690 Machomes
899 1625 944 1689 sie
956 1643 1114 1706 quemque
1127 1625 1259 1708 ligavit,

382 1736 419 1795 ut
432 1733 510 1796 nulli
524 1735 610 1796 retro
624 1733 737 1795 cedere
748 1736 816 1813 jam
829 1733 944 1813 liceat3

342 1839 479 1903 Consilio
490 1840 649 1920 prudens,
663 1857 774 1902 omnes
786 1839 943 1903 conduxit
956 1840 989 1901 in
1002 1857 1119 1920 unum,

384 1948 416 2007 et
429 1965 493 2026 quo
502 1963 558 2009 res
572 1945 683 2009 tendat
696 1945 844 2009 omnibus
857 1946 1015 2009 innotuit:

342 2053 467 2118 Scilicet
479 2055 515 2114 ut
528 2052 606 2115 liber
619 2051 694 2130 fiat,
710 2052 915 2115 laudantibus
929 2037 1009 2134 illis,

381 2161 415 2220 et
424 2174 481 2237 per
494 2174 550 2218 eos
562 2156 710 2218 dominae
723 2155 824 2236 possit
838 2157 957 2220 habere
971 2160 1121 2241 thorum,

341 2270 472 2343 Jamque
484 2261 679 2325 manumisso
693 2261 750 2323 sibi
766 2262 899 2326 reddere
910 2281 976 2327 non
992 2270 1103 2344 gravet
1116 2267 1186 2330 illos

383 2373 477 2433 antea
487 2385 569 2450 quae
583 2367 712 2432 domino
727 2367 832 2430 debita
846 2369 1063 2434 reddiderant.

343 2480 368 2538 0
382 2493 514 2540 coecum
524 2475 611 2540 virus
622 2492 686 2554 quo
699 2477 806 2554 turget
821 2474 930 2553 iniqua
944 2476 1080 2558 cupido,

386 2600 450 2662 quo
463 2582 560 2645 semel
573 2580 714 2644 imbutus
727 2597 761 2642 se
774 2597 903 2660 quoque
916 2581 1018 2644 nescit
1029 2583 1125 2645 humo
1139 2583 1147 2643 t

343 2695 406 2754 Hos
419 2689 463 2752 ita
477 2688 619 2752 coecavit
632 2686 754 2751 nummi
767 2687 903 2768 speeies,
919 2689 1017 2750 rubor
1029 2688 1118 2769 auri,

383 2795 470 2876 quod
484 2794 605 2858 faciunt
618 2793 777 2857 dominam
791 2794 888 2857 ducat
901 2797 938 2856 ut
948 2793 1000 2856 ille
1013 2811 1105 2858 suam
1121 2823 1128 2857 ι

344 2905 440 2982 Cujus
453 2902 545 2964 erant
558 2898 677 2963 domini
691 2899 774 2962 fiunt
784 2900 826 2961 ob
840 2916 973 2962 munera
987 2900 1067 2965 servi
1082 2930 1090 2983 3

384 3009 480 3070 libera
495 3009 678 3087 supponunt
691 3008 772 3069 eolla
786 3023 964 3085 manusque
976 3009 1067 3086 Jugo.

343 3115 390 3178 ad
403 3113 565 3179 dominam
577 3116 748 3191 properant
761 3115 793 3174 et
803 3113 890 3192 quod
901 3114 1103 3178 Machometis
1117 3115 1158 3176 ab
1173 3134 1232 3180 ure

384 3218 569 3295 audierant,
585 3215 628 3278 illi
642 3216 833 3296 persuadere
846 3219 976 3282 student
991 3245 999 3280 ε

345 3350 360 3384 n
376 3325 405 3390 Si
421 3323 568 3389 dominus
582 3326 702 3404 noster,
719 3343 735 3379 n
751 3323 879 3405 dicunt,
897 3349 912 3384 «
928 3328 1004 3388 tuus
1018 3325 1068 3388 ille
1080 3327 1232 3409 maritus,

384 3429 498 3498 nubilis
509 3431 542 3491 et
554 3428 694 3510 sapienS,
709 3445 773 3491 non
788 3433 965 3493 moreretur
977 3433 1099 3512 adhue,

345 3543 413 3600 Non
427 3536 482 3599 tibi
495 3536 618 3600 vicinus
629 3540 843 3616 praesumeret
854 3538 938 3600 ullus
951 3540 1060 3602 obesse
1076 3564 1085 3620 3

385 3647 533 3707 externos
545 3644 641 3707 etiam
655 3644 805 3706 subderet
818 3643 870 3706 ille
882 3643 958 3724 tibi3

345 3751 455 3814 Omnia
470 3754 611 3833 curaret,
627 3750 807 3830 disponeret
819 3749 941 3830 emnia3
956 3751 1042 3812 nulla

384 3858 544 3921 morderet
556 3862 694 3922 mentem
705 3855 884 3921 sollicitudo
897 3861 984 3920 tuam
997 3906 1005 3938 ,

276 4117 304 4158 <tt
319 4111 393 4158 Potest
406 4111 461 4155 dans
473 4109 499 4152 B.
