2914 4944
559 470 723 526 —393-

221 608 316 672 parce
329 591 372 668 (l)
383 592 490 654 tamen
501 591 649 656 dominae
661 589 796 654 sustinet
807 593 987 673 opprobria,

182 698 307 762 Scilicet
319 700 357 760 ut
369 698 466 777 longo
481 697 610 760 tandem
621 697 735 762 satiata
748 699 856 761 lurore

221 805 272 868 vel
284 803 330 867 sic
343 802 494 883 suscipiat
504 821 586 884 quae
597 803 729 866 rationis
747 806 851 867 erunt.

182 915 242 974 Res
254 909 300 972 ita
310 909 472 990 provenit,
491 909 638 973 dominae
652 910 810 974 deferbuit
820 910 868 973 ira

221 1016 307 1079 unde
320 1015 405 1078 sitin
416 1016 688 1096 llaehomemjam
701 1017 807 1080 minus
820 1017 887 1098 ipsa
900 1016 1016 1096 gravis.

181 1126 329 1188 Laetatur
339 1124 536 1204 Machomes,
551 1125 685 1204 supplex
696 1124 820 1188 accedit
833 1124 874 1186 ad
888 1122 974 1186 illam

221 1234 316 1310 atque
327 1231 518 1294 salutantem
530 1229 635 1294 taliter
647 1230 820 1310 alloquitur
834 1257 842 1291 ι

182 1358 198 1394 «
214 1334 244 1399 Si
257 1353 384 1401 servum
397 1337 493 1401 velles
507 1335 618 1400 audire
632 1340 725 1400 tuum
738 1335 896 1416 patienter

220 1445 308 1516 (nam
320 1443 499 1505 llaehomes
512 1442 660 1506 dommac
673 1460 740 1505 non
755 1441 816 1506 nisi
829 1457 941 1506 servus
954 1439 1025 1515 erit)
1039 1487 1048 1520 ,

50 1593 54 1602 ,
181 1545 212 1610 si
227 1549 338 1628 velles,
353 1546 484 1627 inquam
495 1550 556 1628 (2),
570 1547 647 1612 milri
662 1549 808 1628 credere,
823 1546 968 1627 protinus
979 1543 1087 1608 omnis

220 1655 267 1718 ira
282 1655 434 1734 dolorque
445 1656 502 1716 tuo
517 1653 644 1716 cederet
657 1672 699 1718 ex
713 1654 831 1719 animo.
846 1675 862 1710 n
930 1677 934 1689 ·

182 1785 197 1820 a
210 1761 283 1840 Dic,
297 1781 313 1816 a
330 1758 448 1841 inquit,
469 1759 601 1838 «patiar
614 1761 758 1841 tantum,
777 1760 803 1823 si
817 1760 912 1824 verba
926 1757 1089 1838 loqueris,

220 1865 247 1928 si
260 1882 311 1928 me
325 1883 391 1928 non
404 1867 539 1945 temptes
554 1867 662 1931 lallare
675 1883 766 1930 more
779 1869 847 1930 tuo.
864 1887 881 1923 »

181 1972 375 2054 Respondit=
393 1973 484 2036 «Nisi
497 1990 573 2036 vera
587 1974 711 2054 loquar,
727 1973 754 2036 si
763 1974 876 2036 tallere
891 1991 1061 2055 quaeram,

219 2079 362 2160 linguam
376 2081 521 2143 fallacem
536 2082 666 2159 gutture
681 2081 760 2144 velle
772 2098 842 2143 suo.
856 2069 889 2138 »'

180 2185 379 2267 Propositum
392 2187 547 2266 praebens
561 2202 747 2266 assensum,
763 2185 938 2251 conditioni

218 2292 332 2355 annuit
344 2310 417 2374 ore,
433 2310 550 2374 manu,
565 2292 712 2373 protinus
723 2292 777 2354 ille
790 2295 910 2356 refert:

182 2423 197 2456 ι(
212 2400 303 2472 Quod
315 2417 367 2464 me
377 2399 511 2478 sperasti
524 2417 627 2478 nuper
640 2401 800 2462 tormenta
812 2399 944 2477 tulisse,

220 2504 308 2565 nulla
321 2503 381 2564 luit
390 2503 492 2564 morbi
505 2503 627 2583 passio,
643 2504 738 2566 erede
749 2503 827 2568 mihi
842 2533 851 2585 3

182 2611 225 2670 lte
238 2608 328 2671 coelo
339 2606 441 2672 virtus
454 2606 488 2670 in
502 2625 554 2669 me
566 2606 748 2688 descendit,
763 2611 796 2670 et
809 2607 896 2670 illam

222 2713 411 2775 immensam
424 2711 639 2790 fragilisferre
653 2710 796 2791 nequivit
806 2711 904 2776 homo
916 2739 924 2774 ι

182 2823 349 2900 Propterea
362 2817 463 2884 cecidi
477 2835 628 2898 spumans
642 2820 673 2878 et
686 2817 828 2879 membra
841 2819 1012 2898 volutans,

224 2943 290 2988 non
304 2925 378 3006 quia
392 2923 497 3006 passio
511 2941 563 2986 me
576 2922 702 2986 laeserit
716 2923 780 2984 ulla
794 2923 878 2984 mali.

183 3030 244 3095 Sed
257 3048 344 3092 nnnc
357 3029 516 3093 mandatis
528 3029 645 3110 praebe
658 3027 848 3091 coelestibus
860 3043 991 3108 aurem,

222 3135 393 3217 quaemihi
409 3137 449 3198 de
459 3137 549 3198 coelo
563 3134 695 3198 nuntius
709 3134 870 3214 explicuit.

183 3243 269 3308 Sicut
282 3244 367 3308 enim
379 3243 503 3306 Gabriel
516 3243 726 3322 archangelus
740 3240 793 3306 ille
806 3224 921 3307 llariae

224 3351 378 3415 adventus
390 3351 503 3420 Christi
517 3349 649 3413 nuntius
663 3351 738 3412 ante
751 3347 831 3429 suit,

184 3457 233 3520 Sic
247 3460 381 3521 ventura
394 3461 476 3520 Deus
489 3458 610 3520 reserat
622 3455 700 3518 mihi
711 3471 798 3518 nunc
812 3471 868 3533 per
881 3455 1048 3536 eumdem,

224 3565 256 3624 et
268 3561 386 3643 pietate
398 3563 502 3643 prius,
517 3566 550 3624 et
562 3561 680 3642 pietate
693 3563 801 3624 modo.

185 3669 340 3732 Naturalis
354 3668 438 3735 enim
452 3668 568 3749 primos
582 3667 792 3749 transgressio
803 3665 883 3746 legis

227 3776 335 3841 iniecit
348 3780 453 3856 patres
468 3780 501 3840 et
514 3794 614 3856 genus
630 3797 725 3842 omne
738 3796 833 3844 suum
844 3805 853 3861 3

185 3886 314 3966 Postea,
330 3885 445 3964 scripta
458 3884 513 3948 Dei
528 3884 647 3969 digito,
662 3886 760 3968 Moysi
771 3888 849 3950 data
859 3889 912 3950 lex
923 3890 981 3969 est,

116 4130 145 4186 (1)
160 4128 220 4176 Pace
235 4131 291 4176 dans
302 4131 331 4175 Α.
433 4177 440 4194 .
696 4135 722 4190 (e)
739 4132 821 4189 lnquit
833 4132 889 4177 dans
901 4133 926 4176 B.
