2892 4940
694 459 858 514 —laon-

493 599 556 658 qua
569 597 634 640 nox
648 580 751 642 omnis
763 581 943 644 destruetur

493 687 525 744 et
537 701 624 746 mors
637 683 704 762 ipsa
718 684 890 746 morietur!

492 825 572 882 Ecce
584 838 641 884 rex
655 821 853 885 desideratus

493 928 525 985 et
539 944 556 986 a
568 924 663 1004 justis
677 929 879 1013 expectem,

492 1031 559 1107 jam
571 1029 701 1091 festinat
713 1033 880 1112 exoratuS‚

495 1132 537 1194 ad
549 1134 737 1197 salvandum
751 1139 976 1214 praeparatus!

493 1273 561 1331 lam
574 1270 704 1333 festinat
715 1290 772 1333 rex
784 1275 947 1356 eoelestis,

490 1373 592 1452 judex
602 1379 711 1437 noster
722 1381 817 1456 atque
831 1379 920 1442 testis
932 1408 940 1460 3

495 1477 681 1539 festinanter
692 1481 854 1560 apparebit
866 1509 873 1561 3

496 1579 598 1640 omnis
613 1597 688 1642 earo
702 1600 783 1661 quae
798 1583 925 1646 videbit.

495 1727 680 1808 Apparebit,
696 1747 761 1791 non
775 1730 932 1810 tardabit3

494 1830 600 1895 veniet
613 1849 651 1892 ac
668 1831 898 1895 demonstrabit

495 1935 628 2015 gloriam
642 1955 739 2015 quam
749 1942 932 2000 mereantur

495 2037 548 2117 qui
561 2057 619 2117 pro
633 2039 696 2100 side
708 2040 910 2102 tribulantur.

495 2186 583 2264 0(n)!
598 2204 694 2266 quam
707 2187 795 2265 pium
808 2191 841 2248 et
853 2205 950 2268 quam
962 2193 1104 2268 gratum,

496 2307 592 2368 quam
604 2308 716 2372 suave,
731 2311 827 2372 quam
841 2295 988 2377 beatum,

497 2395 557 2456 erit
568 2397 645 2458 tuno
658 2398 788 2459 Jhesum
801 2398 908 2462 videre

498 2500 547 2564 his
560 2501 614 2582 qui
628 2521 701 2564 eum
714 2503 874 2566 dilexere!

498 2645 584 2703 Tune
597 2642 725 2721 ihesus,
741 2641 842 2704 duleis
857 2642 975 2707 affectu

497 2747 529 2806 et
541 2743 741 2808 dulcissimus
755 2751 903 2828 aspectu,

498 2851 543 2913 sic
554 2853 703 2932 loquetur
713 2852 746 2914 in
759 2853 895 2932 allecta,

500 2956 603 3020 omnis
612 2960 725 3037 earo(l.
734 2958 839 3021 carnis
847 2957 908 3036 l)in
919 2963 1106 3040 conspectu:

498 3102 560 3159 Vos
571 3097 604 3159 in
615 3115 666 3160 me
677 3097 732 3178 qui
746 3099 922 3162 credidistis

500 3200 596 3279 etqui
611 3217 736 3262 meeum
748 3201 979 3279 permansistis,

500 3301 554 3380 qui
565 3318 622 3380 pro
636 3319 687 3362 me
698 3303 781 3380 passi
793 3303 913 3382 fuistis,

501 3421 575 3466 ecce
586 3405 706 3465 bonum
719 3406 805 3484 quod
821 3406 1008 3485 quaesistis!

501 3545 580 3602 Ecce
593 3557 728 3618 regnum
741 3542 828 3620 quod
839 3542 992 3621 spopondi

501 3649 533 3708 et
546 3645 633 3727 quod
646 3646 822 3722 (blactenus
837 3648 988 3710 abscondi
1001 3649 1008 3711 l

504 3755 593 3812 Nunc
608 3749 724 3831 videte,
745 3769 831 3813 nunc
845 3752 975 3834 habete,

502 3872 588 3917 nune
601 3858 750 3932 regnate,
766 3872 851 3916 nunc
865 3857 1011 3933 gaudete.

502 3997 588 4054 Tunc
603 3993 693 4056 electi
707 3992 906 4055 mirabuntur

504 4099 535 4155 et
548 4095 697 4158 mirantes
710 4099 932 4178 laetabuntur,
