2914 4944
554 471 715 526 —379—

69 593 266 669 permettent
279 609 335 671 pas
354 591 393 653 dc
416 591 530 654 douter
544 593 584 654 de
601 593 784 656 l’existcnce
805 594 881 657 d’un
902 597 993 656 autre
1014 593 1194 657 manuscrit

70 699 146 775 plus
160 701 294 761 correct.

173 827 318 908 Quisquis
331 845 425 892 nosse
439 829 528 910 cupis
537 829 671 909 patriam
680 829 885 893 Machometis
898 831 939 912 (l)
951 836 984 895 ct
997 835 1087 896 actus
1105 835 1165 911 (2),

215 935 280 997 otia
292 934 433 997 Walterii
446 934 486 997 de
501 937 696 999 Machomete
710 939 790 1016 lege.

174 1041 224 1105 Sic
238 1046 345 1104 tamen
357 1042 422 1106 otia
436 1044 512 1105 sunt
525 1046 561 1105 ut
575 1047 607 1105 ct
618 1045 660 1123 (3)
674 1061 743 1106 esse
757 1044 886 1124 negotia
901 1044 1033 1126 credaS,

214 1164 255 1208 ne
268 1163 399 1226 spernas
412 1147 559 1226 quotiens
571 1148 637 1211 otia
651 1150 732 1211 forte
745 1152 788 1229 (l)
801 1149 891 1228 legis.

173 1253 253 1313 llam
264 1251 290 1313 si
305 1270 380 1315 vera
393 1251 471 1315 mihi
486 1253 566 1316 dixit
578 1255 763 1318 warnerius
777 1257 894 1337 abbaS,

214 1375 266 1418 me
278 1376 405 1438 quoque
416 1376 491 1422 vera
501 1359 588 1440 loqui
603 1359 643 1424 de
656 1362 851 1424 llachomete
862 1365 949 1443 puta.

175 1462 203 1525 Si
216 1467 323 1526 tamen
338 1464 489 1529 addidero
499 1469 549 1529 vel
565 1468 730 1548 dempsero
744 1468 827 1530 sicut
840 1472 872 1531 et
885 1468 938 1531 ille
993 1470 1000 1488 ’

214 1570 335 1632 addidit
346 1573 402 1632 aut
413 1571 568 1652 dempsit,
584 1575 709 1653 forsan,
725 1576 762 1634 ut
773 1590 842 1636 esse
854 1575 953 1654 solet,

174 1677 300 1759 Spinam
315 1677 438 1755 devita,
452 1679 581 1760 botrum
593 1679 762 1759 decerpere
776 1698 874 1763 cura3

212 1785 326 1846 botrus
339 1783 425 1846 enim
438 1783 558 1864 reiicit,
574 1784 705 1847 vulnera
720 1784 809 1864 spina
828 1785 914 1848 facit.

174 1918 277 1978 Abbas
288 1918 355 1996 jam
366 1915 471 1980 dictus
484 1918 643 1980 monacho
655 1919 833 1980 monachus
844 1917 921 1980 mihi
936 1918 1034 1998 dixit,

215 2019 312 2084 immo
324 2024 458 2085 testatus
473 2027 521 2085 est
533 2023 611 2086 mihi
625 2024 811 2087 multotiens
825 2073 834 2106 ,

173 2127 263 2200 Quod
276 2127 406 2207 quidam
421 2127 471 2191 cui
485 2146 603 2193 nomen
617 2133 685 2192 erat
697 2133 863 2210 PaganuS‚
879 2130 1052 2210 honestus,

213 2231 346 2296 clericus
360 2237 392 2296 et
404 2237 566 2298 Senonum
579 2253 716 2316 magnus
729 2235 763 2297 in
778 2234 929 2317 ecclesia,

173 2344 285 2403 Secum
300 2341 436 2404 detinuit
448 2341 611 2422 aliquanto
622 2347 765 2422 ternpore
778 2343 948 2422 quemdam

213 2445 268 2524 qui
281 2445 452 2507 Machomis
462 2447 597 2524 patriam
612 2449 764 2525 gestaque
776 2447 857 2510 dixit
870 2448 910 2508 ei.

175 2548 233 2623 Qui
249 2548 288 2610 de
302 2549 453 2627 progenie
468 2550 577 2629 gentili
593 2554 687 2614 natus
700 2555 733 2614 et
747 2554 848 2630 altus,

217 2653 331 2717 Christi
343 2653 536 2734 baptismum
550 2661 677 2735 ceperat
691 2659 787 2736 atque
798 2655 895 2718 fidem
910 2685 919 2717 ε

177 2767 260 2842 Ergo
274 2780 308 2825 se
321 2779 456 2842 puerum
469 2762 623 2825 dedicisse
635 2760 772 2840 legendo
786 2763 948 2842 protessus

217 2869 371 2950 quidquid
385 2869 560 2948 scripturae
574 2870 614 2931 de
627 2869 823 2930 llacliomete
835 2871 969 2948 sonant,

178 2975 263 3037 Dixit
275 2993 349 3038 eum
363 2975 505 3056 genitum
517 2974 714 3055 genitoribus
728 2991 769 3036 ex
781 2971 936 3035 idumaeis

218 3086 251 3144 et
263 3082 376 3147 Christi
391 3081 521 3145 doctum
536 3081 660 3163 legibus
671 3083 766 3162 atquc
779 3080 853 3143 fide.

179 3188 297 3249 Bethor
304 3188 337 3261 (l.
349 3189 491 3267 unctor),
503 3186 700 3250 arismeticus
713 3188 746 3262 (l.
755 3185 996 3267 arithmeticus),
1008 3185 1192 3252 dialecticus

217 3293 368 3386 maumas,
377 3295 568 3375 astrologus,
580 3293 867 3373 grammaticusque
877 3293 946 3356 luit.
964 3296 1009 3370 [et
1018 3298 1192 3376 geometer,

179 3399 237 3473 Qui
251 3399 341 3480 licet,
357 3403 393 3464 ut
405 3400 495 3480 liber,
510 3401 679 3464 excelleret
692 3399 813 3463 artibus
826 3398 913 3477 istis,

217 3521 257 3566 ex
271 3506 369 3569 servis
383 3523 492 3570 servus
511 3509 599 3569 ortus
613 3510 645 3568 et
659 3508 741 3568 altus
755 3510 833 3569 erat.

179 3611 292 3674 Servus
305 3614 374 3673 erat
385 3612 504 3675 domini
518 3614 685 3692 cujusdam
697 3612 812 3675 nobilis
822 3611 864 3690 (5)
876 3615 971 3692 atque

105 3816 134 3870 (l)
148 3815 615 3873 VincentiusdeBeauralsl’appellcaussl
650 3824 707 3859 nous
729 3811 872 3868 indiquerons
892 3810 947 3856 dans
971 3809 992 3855 la
1013 3811 1070 3858 suite
1092 3825 1133 3868 par
1156 3815 1187 3858 Α.

78 3875 221 3930 machomet,
238 3882 261 3920 ct
274 3883 333 3921 cette
344 3877 414 3921 lorme
426 3875 478 3921 s’est
496 3877 616 3921 conserite
677 3874 706 3916 (4)
720 3871 870 3916 munerans
881 3873 908 3916 B.

77 3938 134 3982 dans
147 3937 239 3982 lintion
252 3935 393 3983 dicamur».
678 3939 707 3989 (5)
722 3935 740 3977 ΙΙ
758 3933 873 3990 s'appelait
891 3933 941 3979 ΑΜ
958 3933 1097 3990 Jononeplri3
1119 3935 1191 3980 beau-

103 4001 134 4049 l2)
148 3995 205 4041 Acta
213 3999 269 4042 dana
279 3997 298 4042 le
310 4011 361 4053 ms,
372 3996 443 4053 suppl.
452 3997 492 4042 lat.
504 4003 558 4053 328,
572 4010 616 4054 que
652 4008 708 4051 coup
722 3995 860 4040 d'lristoricns
870 3996 999 4051 pretendent
1009 3996 1063 4053 qu'il
1074 3997 1129 4042 e'tait
1140 3996 1191 4052 dcja

79 4069 134 4102 nous
145 4057 289 4113 designcrons
300 4059 425 4103 desormais
434 4069 475 4114 par
486 4057 513 4102 Β.
652 4061 708 4101 mort
722 4056 811 4112 lorsque
825 4057 938 4105 ltluhomet
947 4063 1011 4104 culto
1021 4069 1050 4104 au
1065 4059 1150 4104 service
1162 4060 1191 4104 de

105 4121 134 4170 [5)
156 4118 254 4172 nanque
271 4117 326 4162 dans
351 4118 370 4162 le
394 4130 435 4164 ms.
461 4122 548 4173 Stolo,
573 4131 616 4174 quc
653 4118 771 4171 lllradidja.
