2908 4942
571 458 737 516 -alr-

176 582 235 659 Qui
245 587 290 659 (l)
303 582 371 644 sine
381 583 534 662 praelato,
550 581 618 644 sine
629 581 748 662 judice,
764 597 908 661 quaeque
921 581 1091 660 gerebant:

176 708 251 751 nam
262 688 407 752 dominos
418 705 573 768 regesque
588 705 664 752 suos
675 687 780 767 gladio
796 687 1001 766 perimebant.

176 799 266 858 Hunc
278 797 429 876 populum
440 798 555 858 Caesar
567 793 667 857 Pilato
682 793 742 858 rite
753 793 930 874 regendum

177 902 361 983 committit,
374 901 448 982 quia
462 901 563 966 credit
574 918 648 965 eum
660 900 765 964 subito
782 899 1002 980 perimendum
1012 899 1065 978 (a).

104 1085 108 1100 ⁶
176 1009 287 1072 Missus
300 1009 340 1070 ad
352 1011 410 1072 hos
422 1005 519 1087 igitur
532 1009 690 1070 tractabat
702 1023 847 1087 quaeque
861 1005 1024 1085 modeste,

174 1133 294 1196 proque
303 1115 396 1179 minis
408 1114 570 1178 blanditur
580 1114 626 1178 eis
638 1112 754 1177 etvivit
767 1113 901 1176 honeste
913 1139 922 1174 =

178 1220 303 1284 Talibus
316 1239 392 1301 ergo
406 1221 510 1284 modis
524 1221 582 1284 sibi
596 1219 753 1300 quoslibet
764 1217 940 1297 alliciebat,

181 1334 213 1391 et
225 1329 306 1392 fidos
320 1327 424 1391 socios
434 1331 466 1390 et
477 1327 596 1392 amicos
610 1327 775 1390 alliciebat.

177 1439 308 1516 lamque
321 1435 424 1515 placet
435 1435 576 1516 cuneda,
589 1438 655 1516 jam
668 1433 929 1513 dignushabetur
942 1432 1080 1507 honore3

174 1545 242 1622 J'am
256 1544 384 1606 servant
396 1543 500 1624 leges,
514 1560 572 1606 nec
585 1542 720 1620 peccant
734 1542 852 1620 absque
867 1539 991 1602 timore.

238 1648 334 1711 duxit
348 1648 376 1710 ei
390 1666 507 1710 nomen
520 1648 610 1710 locus
622 1647 688 1727 hic,
704 1649 753 1710 est
764 1664 902 1726 namque
912 1646 1046 1710 vocatus

180 1755 311 1817 Pontius
325 1773 343 1817 a
357 1757 476 1834 Ponto,
491 1753 616 1816 sublimi
630 1753 706 1816 sede
720 1755 854 1816 locatus.

178 1861 310 1924 ltliratnr
323 1864 453 1941 Caesar,
469 1859 603 1922 miratur
616 1859 704 1924 curia
716 1862 784 1923 tota

179 1965 267 2045 quod
288 1965 336 2030 sic
346 1967 522 2030 barbariem
535 1966 693 2030 convertit
705 1967 746 2029 ad
759 1970 802 2044 (3)
815 1983 873 2028 sua
886 1969 971 2029 vota.

239 2072 378 2135 Herodes
392 2091 527 2154 regnum
539 2072 678 2137 Judaeae
691 2074 773 2134 lor-te
785 2073 913 2134 tenebat

179 2176 239 2239 illis
252 2179 466 2261 temporibuS,
481 2197 540 2243 nec
554 2197 627 2242 eum
641 2195 692 2242 res
705 2177 766 2242 ista
780 2179 915 2259 latebat,

178 2283 317 2358 Qualiter
330 2286 446 2366 egisset
457 2285 574 2350 Pilatus
589 2286 622 2348 ln
634 2287 697 2348 hac
709 2285 857 2364 regione,

179 2409 262 2470 quae
277 2410 439 2471 nunquam
451 2391 519 2456 sine
531 2393 586 2454 lite
599 2393 659 2454 luit
672 2393 723 2453 vel
734 2391 911 2470 seditione(
935 2397 955 2466 ).

180 2499 330 2576 Exemplo
342 2496 434 2560 simili
449 2497 551 2559 credit
563 2515 621 2558 sua
634 2496 793 2575 pacificari
804 2498 864 2577 (5),

182 2602 208 2665 si
220 2604 338 2665 Pilatus
351 2603 379 2664 ei
390 2603 576 2683 dignaretur
590 2601 715 2666 sociari.

182 2707 275 2772 Mittit
289 2707 430 2770 adhunc
443 2707 540 2787 igitur
553 2707 605 2786 qui
618 2708 663 2770 sic
675 2712 718 2787 (6)
727 2724 785 2770 sua
794 2708 883 2786 jussa
895 2707 1063 2787 loquatur:

184 2840 199 2875 α
211 2816 362 2896 Herodes,
376 2831 434 2878 rex
447 2815 599 2894 Iudaeae,
612 2813 710 2875 Pilate
721 2861 728 2893 a
741 2816 901 2894 precatur,

183 2924 223 2986 Ut
235 2920 343 2984 venias
355 2920 397 2982 ad
409 2937 493 2984 eum.
506 2941 521 2976 r
534 2917 699 2984 Consentit
711 2922 744 2980 et
756 2916 982 2996 ingrediuntur

183 3045 315 3109 navem3
332 3029 491 3090 sulcantes
503 3044 602 3107 mare,
617 3027 852 3103 Jerusalemque
864 3025 1019 3087 teruntur.

183 3139 251 3198 Rex
262 3151 409 3215 egressus
421 3152 475 3197 eos
492 3133 630 3213 suscepit
643 3137 687 3209 (7)
699 3131 766 3212 ipse
779 3132 912 3195 libenter

186 3244 217 3302 et
230 3242 330 3303 fessos
343 3242 480 3320 recreat,
494 3239 573 3302 dans
585 3238 692 3302 omnia
706 3238 919 3302 sufficienter:

186 3345 418 3425 Consiliumque
432 3363 526 3407 suum
538 3344 637 3408 Pilato
651 3361 709 3408 rex
723 3345 791 3407 sine
804 3346 883 3408 teste

186 3437 306 3514 indi‘oat
318 3456 350 3512 et
363 3452 492 3515 tandem
509 3451 671 3516 concludit
683 3469 750 3513 rem
763 3451 940 3514 manifeste.

187 3558 384 3623 Conveniunt
397 3558 493 3637 igitur
504 3558 625 3636 equites
634 3604 643 3637 ,
653 3558 740 3637 plebs
752 3560 820 3619 tota
832 3559 976 3635 vocatur,

131 3793 161 3850 (l)
175 3793 206 3848 1³3
221 3793 362 3848 uitiosa,
377 3792 393 3838 G
406 3799 429 3838 ot
439 3798 502 3838 notra
514 3805 555 3836 ms.
707 3795 734 3849 (5)
748 3795 809 3838 Tous
820 3795 853 3839 les
862 3805 904 3839 ms.
919 3799 958 3837 out
969 3805 1010 3850 par
1024 3803 1068 3838 une
1078 3805 1156 3839 errent
1166 3793 1218 3839 erl-

130 3883 161 3938 (2)
174 3882 210 3936 ³⁴²
224 3880 242 3925 Β
257 3887 279 3926 θῑ
293 3881 324 3935 G:
341 3883 491 3938 pereundum
509 3881 565 3925 dans
579 3886 642 3926 notre
680 3856 745 3900 “⁶⁰²⁰
755 3855 897 3911 pacificare,

103 3957 151 3990 ms.
162 3944 235 3990 donne
247 3955 291 3990 uua
301 3945 356 3990 rime
367 3943 512 3988 insuffisanre.
706 3927 736 3982 (6)
751 3926 850 3982 blanque
863 3925 918 3970 dans
932 3923 964 3976 C;
979 3925 1013 3980 A,
1027 3925 1045 3968 Β
1060 3931 1082 3970 et
1096 3930 1159 3970 notro
1171 3939 1216 3971 ms.

129 4031 161 4088 (3)
174 4031 224 4078 Bal
234 4031 266 4088 ὓς
276 4032 297 4077 A
309 4037 332 4076 et
340 4037 403 4077 notre
415 4042 457 4074 ms.
466 4036 504 4076 ont
514 4032 551 4075 iu.
679 3989 809 4114 0ῃίἵῖᾯᾶῃῦ
820 4063 883 4102 noue
892 4069 935 4102 ms·
948 4062 972 4102 et
979 4055 1034 4116 dum
1047 4055 1065 4100 Α
1078 4069 1084 4101 3

130 4121 163 4175 (4)
177 4120 209 4174 Α,
220 4121 270 4166 Bet
279 4120 309 4175 Gt
319 4119 453 4176 proditione
463 4118 517 4163 daus
529 4122 593 4162 notre
601 4129 641 4161 ms.
655 4143 656 4148 ¹
725 4132 810 4172 Egrcsaoa
821 4132 892 4172 excepit
902 4141 931 4164 eoa
942 4140 973 4164 rex
983 4131 1022 4171 lpac
1032 4130 1116 4164 llborrtor.
