2908 4942
540 457 705 516 —349—

150 581 260 645 ordine
272 584 394 645 mutato
409 582 496 644 laicis
505 582 562 645 das
573 585 824 664 presbyteratum
840 609 848 664 3

151 689 288 768 Regibus
302 691 333 750 et
347 688 482 751 ducibus
494 706 568 752 curn
581 692 779 771 praesulibus
791 696 836 768 (l)
850 690 1039 770 dominaris,

148 795 390 874 subdunturque
404 795 477 875 tibi,
492 813 629 874 quorum
644 801 725 861 Deus
740 814 807 859 esse
819 797 981 877 probaris:

151 901 316 966 prostituis
330 901 491 982 dominae,
511 905 730 984 peraguntque
741 903 841 968 vicem
851 901 1042 981 meretricis,

150 1009 228 1072 nulli
242 1025 379 1089 namque
392 1009 488 1072 fidem
499 1027 607 1073 servas
620 1027 680 1073 nec
693 1009 795 1089 parcis
809 1009 927 1072 amicis.

206 1116 334 1179 Pellitur
344 1116 482 1179 Herodes
493 1133 613 1198 regno,
629 1117 751 1196 patiens
762 1117 926 1179 inimicum

150 1240 245 1303 quem
258 1222 358 1286 fidum
371 1223 493 1287 socium
506 1240 681 1304 verumque
690 1228 734 1299 (2)
747 1225 880 1303 putabat
890 1223 1039 1285 amioum.

152 1329 360 1410 Conqueritur
369 1331 423 1409 jus
437 1332 469 1390 et
481 1331 568 1410 leges
581 1329 614 1393 in
627 1347 661 1392 se
674 1335 717 1405 (3)
731 1329 858 1409 violari,

150 1440 183 1497 et
197 1435 264 1498 sine
276 1435 396 1516 judicio
408 1435 497 1514 regni
510 1436 568 1498 sibi
579 1439 652 1516 jura
665 1436 786 1515 negari.

152 1541 271 1603 Asserit
284 1544 414 1605 econtra
427 1541 561 1621 PilatuS,
576 1560 642 1606 non
655 1537 815 1605 meruisse'

150 1649 210 1710 has
220 1646 414 1728 inimicitias,
425 1664 623 1726 regnumque
636 1646 695 1709 sibi
709 1646 856 1708 tribuisse

67 1821 70 1832 .
150 1755 303 1814 Caesareo
314 1754 407 1831 jussu
420 1756 600 1831 Romanos,
617 1769 714 1831 seque
725 1755 871 1831 paratum

149 1856 272 1937 jndicio
285 1857 395 1937 Populi
409 1858 521 1936 procul
534 1858 620 1920 huno
634 1874 797 1921 removere
811 1859 946 1918 reatum.

150 1962 350 2026 Constituere
365 1963 465 2044 diem,
480 1981 544 2043 qua
556 1966 679 2026 rectum
693 1962 881 2025 discutiatur

150 2071 184 2130 ot
196 2086 231 2130 re
244 2069 377 2149 quisque
390 2088 464 2150 sua,
481 2069 586 2133 decisa
599 2068 671 2152 lite,
687 2072 822 2132 fruatur.

150 2179 273 2238 lnterea
287 2176 454 2258 Dominus,
467 2175 592 2257 quinos
606 2193 752 2256 reparare
766 2176 861 2238 saluti

151 2288 301 2364 venerat,
316 2288 353 2346 ut
366 2302 421 2364 per
432 2301 506 2348 eum
515 2300 680 2364 possemus
693 2281 800 2346 vivere
812 2280 891 2360 tuti,

148 2391 296 2454 Proditus
310 2391 435 2470 aloda,
449 2391 532 2454 siout
548 2393 656 2454 tamen
669 2405 738 2450 esse
752 2391 794 2464 (l)
806 2388 948 2467 volebat,

151 2501 248 2578 atque
261 2499 355 2566 datus
368 2496 478 2576 poenis
489 2495 592 2559 vicina
606 2495 709 2554 morte
724 2495 889 2573 gemebat,

151 2607 253 2678 Quem
266 2618 379 2664 manus
392 2599 534 2679 hostilis,
548 2598 638 2678 quasi
653 2600 778 2679 culpam
792 2597 1037 2678 dissimulande,

153 2708 252 2772 offert
264 2707 379 2786 Pilato,
393 2725 434 2770 ne
448 2709 480 2768 te
495 2704 606 2768 dedica
620 2702 811 2768 maculando
826 2707 836 2778 (
858 2706 879 2780 ).

150 2812 450 2890 RursumPilatusll.
460 2810 600 2891 nitatur),
616 2811 693 2872 dum
703 2808 804 2872 nescit
816 2809 895 2889 quid
906 2811 1088 2889 meditatur,

153 2919 286 2983 Mittitur
299 2917 413 2981 Herodi
428 2916 628 2980 damnandus
640 2915 666 2978 si
678 2914 826 2979 videatur
839 2917 894 2991 (6).

154 3023 293 3088 Herodes
306 3040 415 3085 secum
426 3025 577 3102 reputans
590 3026 635 3097 (7)
647 3020 734 3101 quod
748 3019 912 3088 conciliari

160 3133 256 3196 vellet
268 3131 404 3211 Pilatus,
416 3147 606 3210 rursumque
620 3128 679 3190 sibi
695 3125 839 3190 famulari
852 3130 910 3207 (8),

157 3242 271 3320 Utpote
281 3238 330 3301 vir
340 3237 480 3318 prudens
490 3236 588 3299 vitam
600 3253 664 3298 non
679 3236 747 3298 vult
759 3234 800 3313 (9)
814 3234 889 3295 dare
903 3233 996 3296 morti

107 3474 133 3528 (1)
147 3475 181 3528 A,
199 3473 232 3527 ll,
252 3473 284 3528 c,
302 3471 457 3528 principum
477 3469 532 3514 dous
553 3475 616 3514 notre
651 3468 755 3522 dictato3
774 3468 794 3511 la
808 3467 917 3521 premiere
931 3467 1016 3520 syllano
1032 3467 1059 3512 de
1073 3467 1154 3512 dicato
1167 3475 1190 3514 et

86 3542 124 3575 ms.
558 3573 563 3596 Ι
649 3531 671 3575 la
686 3531 784 3584 seconde,
793 3529 820 3572 de
832 3529 913 3572 dedito
922 3535 972 3574 sont
985 3530 1073 3574 brdves.

109 3614 136 3667 lul
150 3614 185 3669 A,
199 3614 232 3667 Β,
247 3613 279 3665 03
293 3611 412 3668 fidumque
422 3612 478 3656 daus
491 3614 553 3654 notre
568 3623 611 3653 ms.
677 3619 706 3666 (6)
722 3615 757 3658 On
772 3614 797 3657 lit
811 3615 897 3657 ensuite
912 3615 967 3660 dans
981 3621 1031 3660 tous
1045 3615 1076 3660 les
1087 3629 1142 3672 ms,
1160 3629 1190 3660 au

109 3701 134 3756 (ὅ)
149 3703 180 3756 Α,
201 3703 233 3757 Β,
253 3701 281 3757 ⁰3
293 3700 373 3758 jum,
393 3699 421 3744 fn
440 3711 463 3743 ,e
480 3697 541 3754 339„
560 3699 616 3744 dm„
651 3675 770 3719 ddtrimem
787 3675 817 3719 du
836 3675 939 3730 rhythmo
961 3683 984 3721 et
1008 3689 1061 3722 sans
1082 3679 1191 3725 ndoesslte

87 3767 143 3807 noue
153 3775 196 3808 ms,
652 3749 708 3794 pour
721 3736 741 3780 le
754 3749 822 3782 sens:

695 3803 722 3834 Ne
732 3802 772 3835 sine
782 3811 872 3836 consentu
881 3803 931 3844 rogia
940 3803 1007 3837 Jnesu·
1016 3804 1112 3838 moriatur.

90 3865 92 3874 ¹
110 3842 138 3896 til
152 3845 194 3888 1⁴²⁸
203 3848 331 3888 altilem·
345 3840 452 3897 ⁰¹¹²²P⁸⁶=
682 3861 710 3916 (τ)
724 3861 756 3912 A,
772 3861 802 3915 Β,
819 3860 848 3914 G3
863 3861 962 3906 credent
972 3862 1028 3908 dans
1040 3869 1103 3909 notra
1117 3877 1160 3910 ms.

111 3921 137 3966 llil
149 3919 188 3964 Ces
207 3919 265 3963 deux
288 3929 338 3962 vers
357 3918 396 3974 qui
419 3920 541 3972 manquent
563 3915 619 3958 dans
684 3923 713 3978 (8)
728 3921 764 3964 tin
776 3922 893 3968 litensuito
903 3923 1063 3969 dansAetB:

89 3983 145 4024 notre
156 3995 197 4028 ms.
212 3988 236 4026 et
245 3980 300 4024 dam
312 3991 336 4030 o.
351 3985 402 4024 sont
416 3978 552 4022 neeessaires
564 3987 619 4032 pour
687 3987 712 4018 m
721 3986 795 4018 nomino
805 3988 879 4027 rogique
889 3997 922 4020 auo
931 3989 952 4019 aa
961 3998 1015 4021 verua
1025 3989 1095 4022 amicus

88 4037 106 4080 (θ
115 4051 175 4098 sen„
190 4043 246 4087 mais
255 4042 275 4084 le
287 4041 366 4085 second
375 4045 421 4094 est,
433 4051 517 4083 nomme
526 4049 555 4082 οη
565 4037 617 4090 von,
687 4032 728 4071 ejus
737 4033 791 4071 cujus
801 4036 839 4063 orat
849 4033 911 4070 aruris
921 4035 939 4064 et
948 4032 1021 4066 fervens
1029 4032 1121 4066 lnirnlcus.

90 4098 127 4143 lort
142 4115 274 4160 corrompu:
289 4106 405 4158 potiusne
422 4100 496 4144 taut-il
509 4099 548 4145 lire
563 4110 618 4142 nere
681 4097 710 4152 (9)
721 4097 753 4150 A,
766 4095 815 4138 uult
829 4109 874 4139 ooo
889 4095 962 4139 uitam
976 4097 1031 4142 dans
1044 4103 1108 4142 notre
1120 4110 1162 4143 nis.
