2908 4942
582 465 742 522 ...273-

402 597 458 659 per
469 583 638 651 fenestram
650 571 820 655 maceriae*

402 687 570 754 dimittitur
583 695 622 755 ab
636 695 713 758 aoie.

401 825 481 886 Dum
495 825 640 906 desporat
654 830 692 893 de
702 833 812 914 venia,

401 935 535 1009 eogente
547 935 757 1020 conscientia,

400 1035 482 1115 fugit
495 1055 630 1120 nequam
643 1061 699 1122 per
713 1045 818 1126 devia,

399 1144 510 1206 mortis
523 1145 637 1210 timens
651 1149 757 1212 exitia.

309 1344 311 1349 ¹
399 1277 466 1338 Huc
477 1278 509 1338 et
521 1277 595 1342 illuc
607 1282 828 1365 progreditur,

397 1381 507 1460 fugere
520 1389 654 1450 mortem
673 1388 798 1472 nititur,

397 1488 453 1550 sed
463 1491 560 1553 latere
574 1510 641 1556 non
653 1494 769 1557 fruitur

395 1592 450 1672 qui
462 1595 524 1657 hoo
537 1599 655 1660 scelere
665 1600 828 1678 premitur.

395 1727 595 1806 compertum
610 1733 659 1792 est
672 1734 899 1816 praepositum,

395 1829 441 1892 sio
452 1833 587 1896 latenter
599 1836 779 1915 expositum

394 1936 530 2018 fugisse,
546 1958 587 2002 ue
600 1940 763 2006 interitum

392 2045 505 2108 subeat
514 2051 643 2126 propter
655 2049 814 2115 meritum.

391 2179 509 2243 Passim
518 2198 574 2259 per
589 2187 690 2246 terras
699 2185 871 2268 quaeritur,

390 2288 519 2349 tandem
530 2292 672 2367 repertus
687 2291 820 2379 capitur,

390 2393 432 2456 ad
442 2392 597 2472 iudicium
610 2394 759 2477 trahitur,

390 2498 476 2579 quod
487 2501 661 2577 promeruit
673 2501 801 2580 patitur.

365 2633 367 2638 '
389 2634 536 2693 Tortores
549 2633 694 2696 tenentes
707 2652 798 2714 eum,

389 2740 513 2816 ponunt
525 2737 558 2798 in
570 2741 651 2802 eollo
664 2742 829 2822 laqueum,

391 2843 527 2905 trahitur
537 2844 580 2905 ad
592 2847 778 2922 equuleum:

390 2948 461 3011 talis
471 2967 572 3028 poena
588 2950 789 3012 decetreum.

388 3087 423 3143 ln
434 3083 568 3161 equuleo
581 3081 727 3165 ponitur,

387 3186 514 3268 pugnis,
529 3187 665 3251 fustibus
676 3188 833 3269 caeditur,

386 3311 480 3358 saeva
493 3294 615 3374 flagella
628 3293 762 3372 patitur:

386 3400 432 3463 sio
443 3399 603 3463 eruciatus
615 3399 760 3462 moritur.

386 3536 447 3595 lste
460 3536 627 3613 postquam
640 3535 785 3596 mortuus
799 3537 865 3616 est,

385 3638 525 3717 patibulo
538 3655 708 3718 suspensus
721 3642 785 3700 est:

385 3743 429 3806 ita
445 3745 571 3808 tractari
583 3745 697 3824 dignus
710 3748 775 3825 est,
815 3828 816 3832 Ἰ

384 3849 439 3929 qui
450 3849 592 3929 proditor
602 3853 752 3929 probatus
765 3854 822 3913 est.

385 3986 561 4048 Redeamus
574 3985 614 4045 ad
626 3986 703 4048 alios

385 4089 557 4172 iniquitatis
571 4089 669 4170 filios,
