2914 4944
548 461 713 520 -445ν-

325 602 359 660 ln
373 613 448 662 vera
460 590 539 657 coeii
551 602 676 653 camera

327 719 447 786 pauper
456 698 543 780 iacet
554 686 783 776 pulcherrima3

268 827 344 877 vero
358 809 441 886 sole,
455 802 539 870 veris
551 796 724 874 sideribus,

269 921 363 982 istam
373 913 420 977 illi
434 907 577 992 depinxit
589 902 751 968 Dominus.

328 1050 528 1158 Opus'magis
541 1064 693 1132 eximium

330 1186 379 1248 est
390 1183 525 1245 naturae
537 1191 634 1257 quam
646 1165 812 1233 hominum
824 1188 832 1242 3

271 1291 357 1374 quod
371 1305 431 1352 nec
441 1286 530 1350 labor
547 1298 607 1345 neo
621 1277 766 1355 sumptus
777 1269 958 1352 praeparat,

271 1418 331 1463 nec
344 1399 486 1462 vetustas
499 1385 652 1455 solvendo
666 1379 807 1459 dissipat.

331 1555 487 1621 Ministrai
499 1551 595 1612 homo
610 1541 718 1620 diviti,

334 1662 467 1742 angelus
481 1658 588 1720 autem
600 1645 749 1732 pauperi,

200 1789 203 1796 '
274 1776 311 1837 ui
323 1770 397 1834 hinc
410 1780 538 1847 quoque
551 1757 676 1823 constet
687 1747 835 1816 coelestia

274 1894 370 1958 quam
383 1873 447 1937 sint
460 1866 552 1932 nobis
566 1883 585 1927 a
598 1867 663 1925 Deo
674 1856 812 1923 subdita.

336 2034 381 2099 sit
392 2045 504 2113 perpes
519 2031 583 2090 Deo
597 2018 714 2102 gloria,
729 2018 790 2078 etc.

607 2325 666 2383 vii.

336 2540 461 2607 Ornatis
474 2539 546 2598 luce
559 2526 702 2610 partibus

336 2643 448 2710 mundi
462 2633 694 2720 superioribus,

279 2759 350 2820 loca
360 2752 460 2817 restet
472 2741 652 2810 ornandum
663 2733 782 2798 infima.

229 2937 233 2947 ¹
280 2880 322 2926 ex
335 2859 384 2923 his
396 2860 440 2933 (1)
454 2851 569 2933 quibus
581 2847 639 2907 lux
652 2841 776 2920 estjam
789 2831 939 2911 condite}

341 2991 489 3085 Educuiit
502 3025 603 3092 aquae
617 3003 746 3085 reptile,

342 3123 523 3212 producunt
534 3120 567 3181 et
578 3111 726 3188 volatile3

283 3255 349 3302 une
360 3237 453 3316 jussu
466 3226 568 3309 pisces
580 3222 614 3285 et
625 3219 771 3282 volucres

284 3339 470 3425 prodierunt
480 3335 514 3397 in
524 3346 598 3394 suas
610 3323 740 3406 species,

260 3547 261 3550 =
346 3497 487 3592 simulet
501 3494 570 3556 cete
582 3481 714 3568 grandia

346 3610 378 3670 et
390 3618 487 3687 parva
501 3598 583 3662 fiunt
595 3594 699 3657 ostrea
712 3585 721 3669 ,'

288 3732 354 3779 uno
369 3710 490 3794 grypho
503 3701 667 3768 momento
679 3692 838 3758 maximus

288 3822 448 3905 proiectus
459 3816 492 3890 (l.
503 3807 672 3893 profereus)
684 3805 733 3865 est
744 3803 776 3863 et
786 3810 895 3889 passer
904 3789 1060 3854 modicus.

584 4120 626 4166 erit
640 4125 674 4164 eet
688 4111 849 4160 cerieinement
863 4117 905 4150 une
918 4102 978 4147 faute
989 4100 1016 4144 ie
1028 4096 1100 4153 copie.

127 4148 155 4204 (ι)
169 4145 208 4190 Ex
222 4141 261 4199 qui
273 4151 297 4184 se
312 4144 390 4183 trouve
403 4132 459 4177 dens
470 4130 490 4174 ie
503 4133 583 4173 manus
