2892 4940
531 431 690 487 -ΛΜ-

198 537 393 602 versaestin
407 535 842 620 habitumcupidotencndi3
969 624 971 632 γ

198 647 334 722 tempore
344 642 443 707 erevit
453 660 541 706 amor
550 642 604 723 qui
616 662 701 708 nunc
710 649 759 708 est
767 665 910 713 summus
921 650 1068 716 habendi.

198 775 306 837 Studet
318 774 444 853 praesul
455 773 574 855 pretiis,
590 777 622 835 et
635 775 816 838 archilevita

197 879 272 944 vivit
284 879 462 962 solitarius,
477 883 591 943 coenat
605 879 758 943 heremita
772 883 834 963 (1),

195 989 394 1076 morerentur
405 985 527 1048 utinam
538 984 570 1047 hi
583 987 636 1065 qui
651 986 762 1050 vivunt
772 990 814 1064 (l)
827 987 889 1050 ita!

193 1093 309 1157 Felices
320 1094 441 1156 obeunt
453 1109 588 1174 quorum
600 1090 668 1154 sine
681 1090 811 1155 crimine
824 1093 900 1159 vita.

192 1227 244 1289 Vis
258 1227 397 1289 decanus
414 1225 499 1308 fieri,
515 1229 657 1307 praesul,
673 1228 876 1306 patriarcha?

190 1332 259 1396 auri
272 1335 372 1395 multa
386 1331 442 1395 tibi
455 1337 499 1408 (3)
510 1332 551 1395 sit
562 1334 613 1396 rel
629 1333 752 1414 argenti
766 1353 873 1399 marca
889 1362 897 1417 3

101 1441 103 1446 '
193 1441 319 1501 tantum
330 1439 426 1501 hahet
438 1438 531 1520 fidei,
545 1443 626 1502 teste
638 1457 736 1502 manu
747 1458 863 1522 parca,

189 1546 346 1625 quantum
359 1543 492 1625 quisque
506 1560 563 1607 sua
577 1562 781 1608 nummorum
797 1545 947 1610 servatio
961 1563 1046 1610 area.

191 1682 225 1740 ln
240 1695 305 1758 quo
318 1677 428 1740 mundi
443 1677 584 1758 climate,
598 1679 734 1758 subque
747 1677 827 1741 coeli
840 1679 883 1756 (l)
901 1681 992 1760 signo

191 1784 241 1843 est
254 1782 351 1845 abbas
363 1783 419 1843 aut
429 1781 591 1862 pontifex,
605 1785 734 1860 pectore
745 1783 884 1862 benigno

192 1887 310 1965 dignus
322 1885 436 1951 Christi
450 1883 584 1965 nuptiis,
600 1885 716 1964 dignus
727 1885 812 1949 vitae
824 1887 935 1966 ligno?

191 1998 275 2057 Rara
289 1992 355 2056 avis
369 1991 402 2054 in
417 1991 507 2054 terris
519 1991 676 2071 nigroque
687 1991 843 2057 simillima
856 2011 971 2076 cygno.

189 2129 230 2192 Ut
241 2126 369 2190 ludaeis
381 2125 455 2188 odio
468 2127 543 2187 sunt
554 2143 666 2188 carnes
679 2125 805 2207 suillae,
853 2195 855 2202 ¹

190 2231 235 2295 sic
247 2231 281 2294 in
293 2230 342 2293 iris
354 2230 514 2294 extinctae
526 2235 603 2294 sunt
615 2229 769 2295 virtutum
782 2231 957 2316 scintillae,

189 2337 242 2401 hic
255 2340 348 2401 vacat
360 2335 500 2418 libidini,
515 2353 647 2401 nummo
660 2340 703 2412 (5)
717 2336 814 2401 servit
823 2337 894 2419 ille,

188 2443 309 2508 credite
318 2461 404 2508 nunc
417 2442 506 2508 vobis
520 2441 631 2506 lolium
642 2445 686 2516 (6)
696 2441 830 2533 recitare
844 2442 1001 2528 Sibyllae„

186 2582 305 2642 Omnes
317 2576 448 2642 avaritia
461 2575 622 2638 mentibus
634 2575 764 2638 imbutis

186 2683 367 2747 innummo
381 2679 582 2746 constituunt
595 2697 682 2758 spem
696 2698 772 2743 suae
786 2682 917 2764 salutis,

185 2790 306 2854 nolunt
315 2793 359 2864 (7)
372 2787 433 2850 dici
446 2783 571 2866 prodigi
584 2783 687 2846 rebus
696 2783 857 2849 dissolutis
870 2836 878 2868 ,

184 2897 270 2962 fallit
283 2911 338 2957 eos
351 2897 395 2968 (8)
408 2891 520 2954 vitium
532 2889 635 2970 specie
647 2889 782 2952 virtutis.

187 3036 207 3094 Α
222 3026 376 3112 praelatis
390 3025 535 3090 delluunt
548 3023 697 3088 vitiorum
711 3025 790 3106 rivi,

186 3139 218 3198 et
230 3139 342 3198 tamen
354 3129 545 3212 pauperibus
560 3129 741 3192 irascuntur
754 3129 816 3195 divi
829 3158 837 3212 3
873 3119 877 3127 ’

188 3239 337 3320 impletur
350 3235 524 3300 versiculus
538 3233 621 3297 illius
631 3238 676 3310 (9)
689 3234 795 3300 lascivi
810 3265 818 3298 ι

190 3343 344 3426 quidquid
358 3342 495 3405 delirant
503 3358 612 3422 reges,
625 3342 807 3420 plectuntur
820 3344 940 3408 Achivi.

190 3475 391 3542 pandoniam
404 3473 564 3538 contrahit
577 3475 646 3553 lege
658 3475 849 3539 matrimonii

191 3581 339 3646 sacerdos
352 3597 371 3642 a
384 3580 546 3659 praesule,
561 3577 587 3641 si
599 3579 720 3640 nummi
735 3581 799 3642 sint
811 3582 904 3644 medii
921 3609 929 3663 3

94 3763 117 3817 (¹)
128 3766 152 3810 P.
163 3773 217 3813 sss:
654 3765 682 3820 (5)
697 3766 722 3810 Ρ.
736 3771 789 3820 ¹553
804 3767 877 3823 gulae.

123 3838 155 3870 lise
163 3841 228 3872 melior
235 3841 318 3880 pontifex
329 3847 385 3882 quam
394 3837 512 3876 arclrllevlta,
653 3837 681 3893 (6)
696 3836 733 3881 Me
747 3836 821 3880 folium
831 3838 903 3882 vobis,

123 3882 181 3917 rlvena
190 3885 294 3927 solltsrlus,
304 3885 369 3918 coenat
377 3881 472 3915 heremita.
652 3909 680 3964 U)
694 3907 722 3951 P·
733 3913 741 3950 ί
745 3911 769 3951 61
779 3921 786 3962 ὅ
799 3907 884 3952 volum.

90 3937 113 3991 ll)
126 3939 229 3985 coenant.
652 3980 681 4035 (a)
695 3979 771 4023 Enim.

91 4007 214 4138 &11:233
228 4011 343 4126 ffifflu
652 4051 681 4106 (ll)
696 4050 721 4093 Ρ.
734 4053 788 4103 llll3
803 4049 836 4093 sio
850 4049 952 4104 impletur
966 4051 1045 4098 iterum
1058 4066 1099 4098 vox
1114 4053 1159 4100 illa.
