2892 4940
500 515 662 570 -121—

300 639 478 704 exultantes
492 641 728 721 respondebunt

300 747 332 804 et
345 744 521 808 laudabunt
534 762 616 825 quae
627 744 796 808 videbunt:

298 909 360 966 Deo
375 903 492 982 gratias
505 921 655 984 agamus,

297 1009 455 1070 cemimus
469 1008 555 1088 quod
569 1011 794 1090 sperabamus,

297 1118 360 1176 Deo
376 1112 493 1192 gratias
507 1132 639 1193 agamus

298 1218 330 1277 et
341 1215 498 1279 Christum
510 1215 736 1277 benedicamus
748 1215 755 1275 Ξ

299 1369 387 1447 0(h)!
402 1370 610 1450 quamdulee,
626 1387 722 1449 quam
730 1367 907 1448 jocundum

299 1473 358 1534 erit
373 1476 448 1535 tunc
462 1473 567 1538 odisse
579 1474 753 1554 muudum,

301 1582 333 1640 et
345 1597 440 1658 quam
455 1579 561 1660 triste,
576 1597 672 1659 quam
685 1596 829 1639 amarum

301 1683 448 1744 habuisse
461 1681 616 1744 mundum
630 1699 738 1744 earum
752 1682 758 1742 !

300 1837 390 1916 0(h)!
406 1838 489 1900 beati
504 1840 581 1899 tunc
594 1839 739 1915 lugentes

303 1947 334 2004 et
348 1961 405 2023 pro
417 1942 539 2006 Christo
554 1943 724 2023 patientes,

304 2048 418 2127 quibus
431 2047 548 2110 saeculi
563 2065 709 2130 pressura

303 2172 402 2234 regua
413 2154 468 2216 dat
478 2171 603 2234 semper
616 2171 765 2215 mansura
778 2153 785 2212 Ι

303 2306 346 2368 lbi
357 2310 425 2386 jam
438 2323 503 2368 non
517 2307 577 2368 erit
589 2311 713 2387 metus,

304 2428 406 2490 neque
417 2412 541 2492 luctus,
554 2428 658 2491 neque
672 2411 779 2489 fletus,

305 2535 369 2578 non
381 2521 522 2598 egestas,
539 2534 604 2579 nun
618 2519 782 2595 senectuS,

305 2621 411 2681 nullus
426 2619 561 2698 denique
574 2619 727 2682 defectus

307 2773 352 2834 lbi
366 2792 429 2852 pax
440 2774 501 2836 erit
513 2775 660 2854 perennis

309 2881 342 2938 et
351 2877 469 2940 laetitia
480 2878 629 2940 solemnis
638 2927 646 2960 ,

310 2982 369 3043 ilos
380 2984 412 3041 et
427 2981 523 3043 decus
533 2980 725 3060 juventutis,

310 3090 343 3148 et
354 3087 506 3168 perfectio
521 3087 641 3150 salutis.

309 3250 406 3308 Nemo
420 3249 525 3326 potest
538 3247 678 3326 cogitare

309 3354 464 3429 quantum
477 3351 538 3413 erit
548 3354 691 3416 exultare
702 3402 709 3432 ,

310 3457 386 3518 tuuc
397 3454 430 3515 in
445 3456 540 3518 coelis
555 3455 698 3519 habitare

312 3560 344 3618 et
358 3574 431 3619 eum
445 3559 565 3637 angelis
576 3577 720 3639 regnare.

314 3706 359 3767 Ad
373 3705 433 3767 hoe
447 3721 582 3784 regnum
595 3723 646 3767 me
661 3721 792 3781 vocare,

310 3812 397 3890 juste
409 3809 526 3889 ludex,
542 3813 577 3870 tu
592 3809 742 3889 dignare,

314 3929 409 3993 quem
423 3915 572 3994 expecto,
589 3931 684 3994 quem
697 3911 843 3992 requir0‚

317 4021 356 4081 ad
371 4037 465 4098 quem
477 4017 591 4082 anxius
603 4019 736 4098 suspiro.
775 4020 882 4079 Amen.
