2892 4940
547 435 706 491 ..135-

210 557 284 637 qui,
301 557 385 636 prius
397 558 541 620 succensi
554 557 645 620 bonis
658 557 690 618 in
704 557 842 636 actibuS,

176 691 179 698 ·
213 662 365 726 Instinctu
378 665 541 728 daemonis
555 665 719 744 deponunt
731 665 889 744 regulam,

212 770 371 850 vitamque
382 773 529 851 repetunt
543 770 637 833 istam
650 769 854 833 mortiferam.

250 875 337 938 ldem
350 881 399 939 est
412 876 452 938 de
466 876 557 940 malis
570 893 681 939 eorum
692 876 851 956 Patribus,

212 983 277 1042 tam
291 981 331 1044 de
344 982 533 1063 praepositis
544 999 641 1062 quarn
654 983 694 1044 de
705 981 881 1061 Prioribus,

211 1086 269 1160 Qui
285 1092 398 1151 curant
411 1087 541 1152 minime
554 1087 631 1169 quid
644 1091 742 1169 agant
755 1087 890 1166 subditi,

211 1193 277 1257 sire
290 1194 354 1256 sint
367 1195 513 1276 rebelles,
530 1195 595 1260 siva
609 1194 751 1260 obnoxii.

209 1298 291 1360 Olim
304 1317 369 1362 non
382 1299 449 1364 riso
462 1303 511 1362 est
524 1303 613 1362 tanta
626 1300 794 1364 inversitas

211 1423 271 1467 nec
281 1407 348 1485 jem
362 1406 469 1469 audita
481 1410 531 1470 est
543 1410 632 1470 tanta
647 1405 833 1486 crudelitas,

209 1514 334 1586 Quanta
347 1530 434 1576 nunc
447 1513 591 1576 cernitur
604 1514 638 1575 in
649 1513 699 1576 his
713 1511 894 1576 hominibus

217 1615 275 1690 Qui
289 1634 324 1680 se
337 1617 369 1680 in
383 1619 525 1682 omnium
538 1619 712 1683 ostendunt
724 1619 874 1684 vestibus

213 1725 273 1785 lsta
287 1723 398 1804 religio
409 1725 489 1787 fallit
501 1729 534 1787 el
547 1726 682 1806 fallitur,

212 1847 295 1908 quae
314 1831 353 1892 de
369 1830 519 1910 operibus
531 1831 618 1894 falsis
631 1832 818 1908 involvitur,

213 1934 363 1998 Mentitur
376 1936 487 1998 habitu
501 1936 707 2019 religiositas,

211 2059 286 2104 cum
298 2041 340 2104 sit
351 2042 384 2104 in
399 2042 548 2106 cordibus
561 2043 670 2125 lupina
683 2045 803 2108 feritas.

212 2147 247 2211 lli
262 2165 357 2228 super
367 2151 473 2211 oleum
488 2151 662 2231 loquuntur
674 2151 821 2232 molliter,

212 2269 322 2315 omnes
336 2253 497 2335 decipiunt
507 2255 754 2338 admirabiliter,

212 2362 289 2421 llam
303 2359 386 2422 sicut
398 2360 502 2423 latitat
515 2361 629 2442 anguis
643 2362 676 2424 in
690 2364 840 2441 herbula,

212 2464 260 2528 sic
272 2467 373 2528 latent
385 2465 418 2529 in
431 2466 478 2530 eis
491 2485 675 2532 sermonum
684 2470 791 2549 jncula
805 2497 813 2530 ι

213 2574 399 2651 loquuntur
409 2572 526 2635 etenim
540 2591 650 2652 pacem
664 2593 738 2638 curn
751 2572 897 2654 proximo

213 2679 396 2758 malumque
409 2677 528 2758 tegitur
545 2677 578 2740 in
592 2679 688 2741 corde
704 2680 835 2758 perfido.

217 2789 251 2848 ln
266 2784 429 2865 Evangilio
441 2786 475 2860 (l.
489 2783 674 2862 Evangelio)
685 2784 837 2864 praecipit
849 2783 999 2847 Dominus

216 2907 327 2954 omnes
338 2889 503 2952 attendere
516 2890 556 2951 ab
570 2888 620 2950 his
633 2887 808 2950 fallacibus.
949 2899 952 2902 ·

216 2998 307 3060 Tales
319 2995 527 3076 (h)ypocritae
538 3012 572 3056 se
586 2993 663 3056 cibis
677 2994 851 3066 abstinent,

218 3106 382 3167 macerant
395 3119 546 3182 corpora,
561 3100 647 3166 visus
661 3101 940 3181 exterminantttl,

218 3209 277 3284 Qui
291 3212 433 3290 tantum,
449 3210 508 3271 sub
519 3208 602 3271 vitae
614 3210 710 3289 hujus
722 3208 876 3291 imagine,

220 3316 330 3379 laudes
340 3319 373 3378 et
385 3333 518 3379 munera
534 3315 675 3395 gaudent
686 3314 838 3396 accipere.

222 3421 342 3486 dmodo
355 3421 509 3502 siquidem
523 3439 651 3503 possum
665 3439 806 3485 asserere

224 3528 298 3608 quia
312 3524 522 3591 Antichristus
535 3526 674 3589 creditur
685 3525 810 3609 vivere,

223 3638 301 3699 Cum
313 3633 359 3697 sic
371 3632 527 3697 Ecclesiae
537 3650 623 3695 nunc
636 3647 692 3711 per
705 3629 872 3694 circuitum

223 3741 341 3806 vadant
352 3738 392 3802 ad
405 3737 543 3802 dedecus
556 3739 588 3800 et
597 3738 640 3801 ad
653 3735 825 3799 interitum.

264 3849 343 3910 Puto
354 3845 442 3928 quod
452 3847 594 3923 tempora
607 3845 764 3908 venemnt
776 3841 902 3922 ultima,

113 4049 141 4100 lt)
156 4031 277 4097 l'lteignent
290 4039 336 4082 leur
348 4039 437 4095 regard,
446 4049 476 4081 ou
485 4036 627 4082 S'exldnuent
662 4034 774 4091 nlndique
782 4047 822 4090 pas
834 4040 892 4080 cette
903 4035 1048 4091 signification
1057 4033 1198 4079 d’b'xoermi-

84 4108 105 4152 le
117 4107 208 4160 risum
224 4103 245 4146 la
263 4099 363 4144 nouvelle
377 4099 458 4144 edition
471 4098 498 4142 de
512 4098 541 4141 du
555 4095 628 4151 Gange
663 4107 730 4142 nore.
