2908 4942
727 499 766 512 «-
781 469 839 528 orl
853 501 893 512 --

544 592 731 672 proditionis
744 595 908 675 conscios,

544 715 620 777 prae
632 698 779 762 omnibus
789 699 939 763 nefarios

544 831 658 894 Audita
669 834 754 894 fama
765 833 869 897 miseri

545 936 698 1017 decapite
712 937 757 1004 sic
771 938 855 1018 fieri,

544 1061 610 1105 non
624 1047 750 1106 cessant
760 1043 847 1106 intus
857 1043 1025 1123 conqueri,

544 1150 590 1214 sic
603 1150 764 1214 intuentes
775 1150 907 1214 conteri.

544 1283 726 1362 Burgardus
743 1300 819 1346 mox
836 1283 1024 1362 exponitur:

421 1433 424 1440 -
544 1388 669 1468 fugiens
683 1389 937 1470 errat,capitur;

544 1497 655 1573 captus
668 1495 710 1557 ad
722 1498 857 1558 mortem
871 1496 1026 1576 trahitur3

543 1601 633 1661 rotae
644 1616 818 1679 suspensus
830 1598 974 1663 moritur.

543 1731 682 1795 Audiens
696 1733 812 1795 cohors
824 1731 919 1812 impia

544 1841 577 1900 et
590 1839 676 1901 hunc
688 1838 753 1918 pati
765 1837 934 1918 supplicia,

544 1944 741 2025 desperando
755 1945 795 2008 de
807 1944 918 2024 venia,

543 2049 648 2111 reddit
660 2048 779 2111 castelli
793 2049 930 2113 moenia.

543 2185 641 2245 Intrat
652 2185 792 2244 castrum
802 2200 860 2246 rex
873 2182 1026 2264 inclytus,

543 2292 575 2349 et
588 2286 685 2366 ipsius
698 2286 869 2368 exercitus,

544 2395 582 2455 de
596 2395 727 2456 consule
740 2392 911 2473 sollicitus,

542 2501 640 2564 currit
657 2501 821 2564 fundendo
836 2499 983 2580 gemitus.

540 2634 676 2698 Adducit
688 2633 770 2698 tradi
784 2636 958 2715 tumulum,

541 2741 694 2822 gemitum
704 2757 852 2820 promens
864 2742 1030 2822 querulum

541 2850 613 2929 liet,
627 2847 750 2928 plangit
762 2865 919 2928 gemmam
933 2847 1117 2926 consulum,

542 2957 623 3017 bene
638 2958 803 3036 regentem
814 2953 977 3033 populum.

543 3087 596 3148 llis
608 3087 741 3167 expletis
754 3085 916 3150 doloribus

543 3195 577 3255 et
590 3193 690 3273 captis
703 3190 932 3271 proditoribus,

544 3299 713 3379 alligantur
726 3295 946 3378 compedibus,

544 3404 743 3484 mancipandi
757 3403 940 3466 tortoribus.

544 3537 708 3601 Tractatur
721 3537 762 3599 de
774 3534 946 3616 supplici03

544 3642 720 3723 exquiritur
733 3640 896 3722 conlusio,

543 3752 647 3831 placet
658 3748 760 3812 vultui
773 3747 881 3828 regio,

544 3859 604 3920 hos
616 3855 697 3919 mori
712 3852 905 3935 praecipitio.

544 3993 653 4054 Ruunt
664 3991 704 4050 ab
718 3986 799 4050 arcis
812 3987 907 4067 solio,

544 4096 655 4160 mortis
666 4096 781 4157 dantur
792 4091 905 4156 exitio:
