2914 4944
552 455 714 515 -lca-

179 577 239 639 Sed
252 594 325 639 curn
340 580 510 645 nonnullos
520 599 614 663 super
628 585 677 647 his
691 584 835 646 dubitare
850 583 989 665 videret,

217 681 314 745 immo
327 702 383 765 per
395 702 514 766 paucos
525 688 574 751 his
587 689 736 753 adhibere
748 689 863 770 fidem,

179 787 224 853 sit
236 789 301 852 ait:
318 814 334 850 «
349 796 373 856 Α
387 793 520 858 Domino
533 795 646 860 devote
658 796 749 876 signa
759 799 904 876 petamus

217 913 298 975 quae
310 898 437 960 valeant
448 917 556 964 servos
570 900 745 964 certificare
754 918 840 964 suos.
855 922 871 959 u

180 1002 285 1082 Tunc,
300 1003 433 1082 genibus
446 1005 553 1088 llexis,
569 1009 746 1069 sternentes
759 1022 892 1086 corpora
907 1009 1030 1084 terrac,

219 1126 261 1172 ex
274 1110 429 1175 desiderio
443 1113 548 1176 cordis
557 1113 601 1176 ad
614 1116 700 1176 astru
711 1115 820 1176 volant
833 1139 841 1193 3

179 1219 320 1299 Cumque
329 1221 441 1301 rogata
453 1219 509 1282 diu
522 1219 623 1300 pietas
635 1219 740 1285 divina
755 1219 885 1300 fuisset,

219 1341 367 1406 surgens,
380 1325 574 1405 surgendum
586 1326 744 1406 significat
757 1326 945 1388 llacbomes.

178 1433 252 1494 Post
264 1431 343 1495 hacc
354 1433 523 1513 assumptis
535 1449 644 1496 secum
654 1433 849 1512 senioribus,
863 1431 939 1494 illuc

219 1537 308 1601 ducit
320 1555 375 1602 eos
387 1555 451 1619 quo
464 1540 526 1602 mel
539 1540 651 1620 lacque
663 1537 904 1616 recondiderat,
935 1601 939 1613 ,

179 1643 298 1707 Erectis
308 1643 406 1724 igitur
418 1644 518 1707 oculis
529 1645 753 1724 manibusque,
768 1644 904 1704 relertur

219 1750 260 1812 ad
273 1750 440 1813 bominum
451 1751 529 1812 tales
542 1749 722 1813 exhibuisse
733 1764 853 1828 preces.

181 1905 197 1940 «
212 1884 237 1944 Ο
250 1885 339 1962 pater
356 1877 556 1962 omnipotens
569 1881 624 1962 qui
641 1883 738 1945 verbo
749 1881 865 1943 cuncta
878 1879 1011 1958 creasti,

219 1987 336 2068 quique
346 1991 452 2052 creata
465 1988 567 2069 regis,
585 1991 700 2051 cuncta
714 2003 846 2052 movens
856 1985 897 2063 (l)
908 1984 1046 2066 stabilis,

179 2093 237 2167 Qui
248 2093 288 2155 de
297 2097 328 2155 te
340 2094 482 2175 genitum
495 2093 595 2157 fecisti
605 2111 732 2156 sumere
748 2110 893 2173 earnem,

217 2200 271 2280 qui
283 2202 404 2265 mundo
417 2202 514 2266 vitam
527 2204 672 2264 mortuus
685 2200 751 2280 ipse
764 2198 867 2280 dedit,

177 2306 299 2387 Quique
313 2325 414 2373 novae
431 2309 511 2389 legis
523 2325 579 2388 per
592 2325 667 2370 eum
678 2306 830 2369 mandata
845 2305 973 2386 dedisti,
1028 2325 1030 2328 ’

216 2429 299 2492 quae
316 2414 342 2474 si
360 2414 432 2492 quis
448 2417 553 2477 servet
569 2413 675 2478 vivere
692 2428 815 2492 semper
831 2411 944 2474 habet!

180 2515 240 2578 Sed
251 2513 325 2595 quia
335 2518 401 2594 jam
414 2515 520 2576 senuit
531 2514 688 2596 munduS,
702 2515 757 2578 vix
770 2515 822 2578 illa
833 2519 956 2577 tenere

220 2620 290 2701 quis
305 2623 409 2701 valet,
424 2620 510 2682 unde
523 2637 623 2700 prope
630 2625 698 2702 jam
709 2621 792 2701 perit
802 2619 905 2683 omnis
916 2620 1030 2702 horno,

181 2727 211 2792 si
224 2729 327 2808 placet
339 2743 416 2807 ergo
427 2726 483 2789 tibi
493 2726 571 2805 legis
584 2727 706 2790 mollire
718 2725 856 2805 rigorem

222 2833 319 2912 (quod
338 2834 370 2894 te
388 2833 547 2895 facturum
560 2848 612 2893 me
624 2829 734 2894 docuit
745 2833 898 2916 Gabriel),

182 2937 323 3018 Digneris
333 2941 460 3019 praeter
466 2937 596 3002 solitum
608 2937 729 3000 mundo
743 2937 819 3000 dare
831 2938 976 3020 siguum,

220 3062 277 3124 per
286 3045 373 3125 quod
383 3048 496 3109 noscat
505 3045 539 3107 in
550 3046 612 3107 hac
625 3048 657 3107 te
669 3043 727 3107 sibi
740 3047 829 3126 parte
842 3045 941 3126 pium.
958 3067 975 3104 »

182 3149 232 3213 Sic
244 3169 337 3231 prece
350 3151 456 3235 finita,
470 3153 649 3216 blachomes
666 3151 825 3232 inquirere
838 3152 958 3233 coepit,

222 3277 308 3323 nunc
319 3260 423 3341 hunc,
441 3276 527 3323 nunc
539 3257 627 3321 illum
641 3257 871 3322 dissimulando
883 3261 1007 3342 locum,

183 3367 274 3443 Post,
289 3366 440 3445 tanquam
452 3381 546 3446 casu,
561 3365 662 3427 fossas
675 3363 802 3428 divertit
814 3363 856 3426 ad
868 3362 935 3427 illas

222 3470 284 3532 mel
296 3469 348 3532 ubi
360 3471 472 3550 lacque
485 3469 571 3551 prius
582 3469 650 3550 ipse
663 3468 894 3534 recondiderat.

183 3580 279 3638 Porro
292 3574 478 3655 cespitibus,
494 3593 580 3638 nunc
590 3576 684 3656 hine,
700 3593 785 3638 nunc
798 3574 890 3656 inde,
904 3576 1050 3656 remotiS,

222 3682 320 3742 altera
333 3681 489 3744 fossarum
504 3682 566 3743 mel
578 3680 682 3762 dedit,
697 3683 795 3744 altera
809 3681 876 3761 lac,

184 3789 253 3860 Quo
263 3785 364 3866 magis
377 3785 493 3849 indicio
505 3785 605 3865 pietas
618 3785 723 3849 divina
735 3786 892 3866 placeret,

225 3893 327 3957 dulcia
341 3893 401 3956 mel
417 3895 558 3973 superat,
572 3893 653 3954 lacte
665 3891 742 3971 quid
753 3891 854 3956 albius
868 3893 936 3956 est?

115 4114 146 4170 (l)
161 4111 338 4170 depictarum,
355 4123 452 4157 manem
463 4110 556 4156 stabilis
569 4110 623 4155 dans
638 4111 663 4154 ll.
