2926 4952
756 410 898 462 —50-

507 531 714 593 eorde'Patris
728 533 885 614 genitum,

506 634 649 713 concepit
661 652 717 714 per
730 635 877 714 Spiritum

543 737 632 817 virgo
646 738 885 818 redemptorem.

503 895 584 968 Ergo
595 891 686 969 plena
698 893 815 970 gratia,

504 991 621 1070 gaudet
633 988 691 1052 viri
704 990 828 1071 nescia,

541 1099 638 1156 Deum
652 1092 790 1172 paritura
802 1121 811 1176 3

503 1199 550 1258 sol
563 1197 602 1258 de
614 1197 703 1257 stella
716 1195 873 1275 naseitur;

470 1370 473 1379 ,
502 1297 605 1358 camis
619 1296 729 1358 umbra
741 1296 858 1375 tegitur

541 1401 597 1461 lux
610 1417 674 1462 uon
687 1399 851 1462 moritura.

501 1558 600 1630 Quam
612 1555 694 1635 parit
705 1555 867 1635 virginitas

501 1658 692 1720 humanatur
705 1657 821 1739 deitas,

540 1765 636 1826 homo
651 1763 808 1827 divinatur
820 1789 828 1844 3

502 1868 537 1930 ut
549 1867 696 1930 sacerdos
709 1865 829 1946 hostia,

500 1976 666 2056 Babylonis
679 1976 742 2038 filia

538 2094 594 2157 per
603 2096 699 2157 quam
710 2078 870 2140 liberatur.

741 2293 834 2346 Autre
857 2287 909 2358 (l).

392 2445 500 2508 Lilium
517 2445 622 2508 lloruit
636 2447 717 2510 arvis
730 2445 950 2526 vernantibus,

390 2565 471 2628 quae
482 2549 552 2610 sous
563 2548 603 2609 de
616 2547 732 2610 Libano
744 2547 879 2628 lymphis
891 2545 1065 2628 rigantibus

391 2652 486 2732 toret,
500 2654 531 2713 et
544 2653 661 2714 relevat
674 2652 815 2731 zephyris
827 2651 984 2713 llautibus.

528 2756 597 2836 Eia,
612 2757 678 2837 eia,
693 2754 758 2817 eia!

549 2878 626 2940 grex
636 2860 670 2922 iu
682 2858 805 2938 pascuis

508 2962 626 3024 alludat
636 2959 799 3023 uberrimis

508 3069 540 3128 et
550 3069 722 3146 sequautur
731 3064 857 3143 agmina

507 3186 624 3247 agnum
636 3169 717 3230 inter
727 3167 790 3228 lilia
800 3192 809 3246 3

488 3269 541 3351 qui
553 3272 654 3332 lactus
666 3271 713 3331 est
729 3268 838 3349 opilio,

488 3375 647 3451 assumpto
660 3370 763 3435 earnis
774 3371 885 3452 pallio,

488 3479 521 3540 et
531 3477 698 3556 pererucis
710 3475 910 3557 mysterium,

489 3578 570 3641 elisit
580 3580 687 3642 fauces
700 3579 905 3660 daemonum,

489 3680 570 3744 elisit
582 3682 688 3744 lauces
703 3681 906 3760 daemonum,

488 3789 591 3852 ferens
603 3787 664 3850 reis
676 3785 861 3850 remedium!

314 3983 341 4038 (tl
355 3983 397 4028 lis.
418 3981 443 4025 Β.
463 3981 490 4024 ll.
502 3990 531 4025 11⁰
547 3986 600 4026 5719
622 3980 698 4036 (xnle
716 3979 801 4034 siecle),
836 3978 979 4035 diviseespar
990 3979 1363 4024 unecesureendeuxhe'mtsuehes

275 4045 311 4088 iol.
323 4049 357 4099 ⁴5,
368 4051 400 4089 ro.
413 4043 454 4088 Les
470 4043 523 4086 treis
535 4042 604 4097 lignes
621 4041 751 4086 mouerimus
764 4043 801 4095 qui
836 4052 907 4096 egaur
920 4042 971 4084 dont
985 4041 1005 4085 la
1019 4039 1150 4098 penultieme
1163 4046 1196 4085 est
1210 4040 1285 4085 breve.

275 4107 391 4161 precedent
409 4107 429 4148 le
448 4105 544 4158 reirain,
563 4109 599 4147 out
613 4103 680 4145 doure
695 4101 800 4156 syllabas,
