2908 4942
736 524 777 534 -
791 491 848 550 345
864 522 904 530 -

340 615 460 680 litibus
473 613 609 677 assiduis
623 613 781 678 disoordia
796 611 1038 691 multiplicatur,

341 724 418 786 dum
429 739 507 802 puer
520 739 538 783 a
551 739 652 801 puero
664 719 784 786 erudeli
797 721 900 784 morte
914 719 1056 780 necatur.

340 836 408 894 Non
417 829 511 892 latuit
523 847 574 892 res
586 829 648 892 ista
662 827 717 892 diu
727 831 788 908 (1),
802 827 840 892 fit
849 824 1037 903 manifesta3

339 956 397 1001 rex
408 939 512 1018 luget,
527 935 638 1016 regina
650 935 752 1015 dolet,
766 934 804 998 fit
815 933 904 997 ouria
916 933 1038 996 moesta
1051 955 1060 1009 3

341 1041 480 1105 Vertitur
494 1041 527 1104 in
536 1043 660 1104 luctum
673 1041 788 1104 domus
799 1043 832 1102 et
844 1037 960 1102 vicinia
974 1035 1075 1116 regis:

337 1149 374 1210 fit
387 1149 511 1210 eunetis
524 1163 658 1210 onerosa
671 1145 731 1225 piis
744 1143 953 1225 transgressio
967 1141 1058 1221 legis.

336 1259 424 1317 Tune
435 1254 555 1319 adeunt
566 1271 691 1334 regem,
706 1252 757 1318 eui
772 1251 847 1314 talia
861 1251 1159 1329 verbaloquuntur:

284 1426 288 1434 ,
339 1386 355 1421 a
378 1363 496 1442 lnclyte
509 1379 584 1442 rex,
597 1362 703 1442 salve3
718 1359 775 1423 tibi
785 1357 891 1424 enneli
905 1355 1161 1436 compatiuntur3

337 1466 384 1529 Nil
395 1468 487 1546 juvat
501 1467 711 1547 exstinctum,
722 1465 748 1528 si
757 1464 899 1531 visurus
911 1461 1083 1542 moriatur,

336 1575 394 1636 sed
410 1575 517 1636 tamen
531 1574 614 1636 atali
628 1575 713 1636 laeto
725 1573 818 1636 decet
829 1575 866 1634 ut
879 1572 1049 1636 caveatur:

335 1684 487 1743 Praesens
501 1697 639 1762 namque
648 1681 768 1742 malum
781 1677 895 1746 suadet
907 1677 1042 1742 ventura
1056 1672 1157 1736 timeri

334 1789 367 1848 et
380 1790 490 1850 monet
503 1805 521 1848 a
536 1784 629 1848 simili
639 1785 754 1850 merito
768 1786 883 1849 debere
897 1782 1013 1849 caveri.

333 1893 452 1956 Pilatus
463 1891 580 1955 meruit
593 1895 745 1974 mortem3
758 1892 815 1956 sed
826 1909 867 1956 ne
880 1890 1051 1968 moriatur,

333 2004 468 2062 Romam
482 1999 686 2063 transmissus
700 2000 804 2080 obses,
824 2015 999 2077 numquam
1014 1995 1197 2060 redimatur.
1216 2018 1231 2050 a

333 2104 481 2167 Praebuit
492 2121 657 2166 assensum
669 2121 727 2168 rex
738 2107 788 2184 et,
803 2121 896 2184 preee
909 2104 1012 2168 vietus
1022 2120 1152 2183 eorum,

332 2207 417 2270 misit
430 2207 605 2270 inexilium
618 2207 753 2270 Pilatum
766 2226 856 2272 more
867 2225 1006 2272 reorum.

332 2314 404 2396 Qui,
419 2313 550 2378 veniens
562 2317 706 2394 Romam,
720 2331 777 2393 pro
793 2317 934 2396 tempore
946 2333 1092 2398 quaeque
1104 2314 1235 2394 gerebat

265 2455 269 2467 ·
335 2424 367 2482 et
378 2414 488 2500 pr'oeul
501 2437 520 2482 a
534 2419 635 2499 patria
647 2419 806 2483 contraria
819 2422 919 2484 marlta
933 2422 1065 2486 ferebat.

331 2528 505 2606 Anglorum
518 2525 601 2606 regis
615 2529 722 2606 natue,
736 2530 824 2590 reeta
836 2531 880 2602 (2)
893 2527 1027 2608 ratione,

329 2633 423 2693 obses
436 2635 505 2693 erat
517 2636 637 2694 Romae
647 2649 706 2711 pro
720 2649 835 2696 census
847 2633 1043 2713 redditione3

329 2738 384 2801 Cui
399 2757 433 2800 se
444 2743 489 2814 (3)
499 2738 630 2820 Pilatus,
645 2757 711 2802 non
725 2739 844 2820 absque
856 2740 940 2820 dolo,
955 2738 1089 2804 sociavit

329 2845 362 2905 et
371 2844 414 2921 (l)
425 2861 571 2925 puerum,
587 2843 669 2906 sieut
678 2845 809 2908 fratrem
821 2843 992 2925 proprium,
1002 2844 1171 2925 iugulavit.

327 2954 396 3025 Quo
410 2952 495 3014 laeto
509 2950 594 3014 cives
604 2950 780 3029 perturbati
793 2951 979 3031 doluerunt,

327 3060 360 3119 et
372 3058 502 3138 quidam
511 3037 624 3136 oumre
638 3060 861 3120 nefastautum
877 3058 1063 3122 voluerunt:

327 3165 495 3224 Decretum
508 3165 616 3222 tamen
629 3164 696 3241 est,
709 3163 746 3224 ut
759 3179 824 3226 nou
838 3161 1062 3242 interficiatur,

328 3283 369 3327 ne
380 3268 470 3344 pater
480 3263 563 3328 illius
574 3271 616 3343 (5)
627 3266 805 3330 contrarius
814 3267 968 3332 efficiatur

325 3369 478 3451 Imperio,
492 3387 685 3452 censumque
700 3371 769 3436 dari
783 3371 911 3437 solitum
922 3372 1119 3452 prohiberet,

324 3479 434 3554 utpote
447 3476 513 3556 vir,
528 3477 581 3559 qui
596 3476 734 3542 consiliis
748 3480 906 3559 armisque
919 3481 1049 3546 valeret.

318 3560 429 3645 ’insula
445 3583 573 3662 grandis
583 3589 666 3666 erat,
676 3590 797 3650 Pontus
808 3589 973 3668 bucusque
988 3589 1124 3666 vocata,

326 3689 518 3771 incultisque
532 3691 607 3756 viris
618 3697 651 3754 et
664 3691 846 3758 inhumanis
861 3695 1021 3776 habitata,

269 3957 298 4012 (l)
312 3955 362 4000 Diu
376 3967 389 4000 a
404 3956 439 4000 dte
448 3957 504 4001 omis
515 3956 571 4000 daus
582 3963 646 4002 notre
655 3969 699 4002 ms.
844 3961 872 4015 (3)
885 3959 975 4016 cuique
986 3962 1014 4007 de
1023 3970 1084 4008 notre
1099 3974 1142 4007 ms.
1153 3970 1189 4010 est
1202 3979 1246 4012 une
1257 3967 1317 4011 laute
1328 3966 1355 4010 de
1435 3973 1436 3993 ³

269 4025 298 4081 (a)
311 4027 344 4082 A,
356 4026 406 4070 Bet
419 4025 451 4082 03
463 4030 527 4071 cera
538 4037 566 4070 on
574 4028 642 4083 juata
651 4026 706 4072 daus
717 4031 780 4072 mare
817 4021 928 4071 quantiae.

267 4099 286 4130 S·
842 4082 1243 4140 (llA‚lletG;onmdunsuotre
1257 4103 1300 4136 ms.

841 4143 868 4196 (el
884 4141 916 4193 Α,
931 4143 948 4185 Β
963 4151 986 4188 et
1000 4145 1032 4198 ῦς
1046 4145 1190 4201 spumosus
1203 4155 1269 4196 uotre
1280 4163 1323 4196 ms.
