2914 4944
720 419 883 480 —lofi-

343 545 488 608 Attamen
502 549 538 608 ut
553 529 669 609 dubius
685 548 865 612 llaclromes
877 549 1057 628 probatore
1070 561 1241 626 saporem3

384 654 456 729 post
474 651 562 714 illum
574 654 705 732 gustant
715 653 827 718 ordine
845 653 963 734 quique
973 669 1032 716 suo
1042 654 1096 729 (l).

343 790 431 849 Tunc
441 787 630 848 extollentes
640 803 736 850 voces
748 790 781 850 et
795 787 891 850 corda
902 803 1095 866 manusque,

385 896 490 972 grates
503 892 617 956 divinis
627 893 774 957 laudibus
785 895 1004 973 accumulant3

345 1003 384 1062 ut
394 1001 591 1082 llaclromes,
604 1000 754 1082 lacrymis
767 1001 841 1065 fieta
853 1000 969 1082 pietate
981 998 1119 1079 prolusis

385 1107 481 1184 amue
495 1105 549 1168 diu
562 1109 657 1170 tonso
670 1109 811 1187 pectore,
823 1105 869 1170 sic
882 1105 1041 1186 loquitur:

347 1235 363 1270 o
378 1215 458 1274 Eece
471 1212 606 1292 videtis,
623 1233 639 1270 a
655 1212 715 1294 ait,
731 1213 880 1293 «quanta
895 1211 1063 1276 dulcedine
1074 1208 1234 1274 mundum

388 1319 420 1379 et
433 1317 544 1380 mundi
556 1319 642 1398 leges
655 1317 803 1381 eonditor
813 1317 899 1382 orbis
911 1321 1004 1398 agat3

346 1426 434 1488 llelle
444 1424 602 1505 figuratur
615 1425 702 1505 quod
718 1425 798 1506 legis
812 1441 919 1488 amara
932 1423 1101 1503 recedant,

387 1533 468 1594 laete
481 1532 568 1611 quod
580 1535 617 1594 ut
628 1532 753 1612 genitos
764 1547 823 1595 nos
835 1532 900 1594 alat
910 1531 977 1611 ipse
990 1547 1077 1593 suos.
1094 1551 1108 1585 a

348 1639 401 1704 llis
410 1637 519 1720 dictis,
533 1655 644 1701 rursus
657 1637 701 1700 ita
715 1639 807 1701 llosse
822 1640 972 1719 retertur,
987 1639 1025 1700 ut
1035 1653 1147 1700 omnes

387 1744 471 1808 illius
481 1744 662 1824 exemplum
674 1742 810 1806 moverit
821 1742 863 1806 ad
876 1729 1054 1824 laerymasss

348 1853 436 1914 Tunc
450 1847 496 1912 ait
510 1875 518 1912 ι
534 1851 707 1929 «Oramus,
726 1852 763 1912 ut
772 1849 856 1912 siout
867 1847 985 1912 montis
995 1847 1029 1912 in
1042 1850 1106 1912 alto

391 1955 548 2019 Christum
560 1955 722 2036 discipulis
731 1958 806 2035 jura
818 1954 942 2021 dedisse
952 1954 1052 2035 liquet

352 2061 390 2122 ct
400 2058 484 2121 sicut
493 2061 596 2138 legem
606 2063 729 2139 Moyses
742 2059 776 2122 in
789 2063 898 2123 monte
914 2059 1033 2140 recepit

391 2181 475 2243 quae
488 2165 588 2226 fertur
601 2163 702 2242 digito
719 2164 836 2242 scripta
850 2165 947 2230 luisse
959 2165 1013 2228 Dei
1024 2213 1032 2245 ‚

353 2269 403 2333 Sic
416 2285 543 2350 quoque
556 2285 616 2332 nos
629 2268 747 2348 scripto
760 2268 910 2349 dignetur
923 2272 1098 2337 certificare

393 2393 456 2456 qua
471 2391 572 2455 genus
585 2374 761 2438 humanum
774 2375 879 2441 vivere
891 2378 962 2458 lege
976 2380 1063 2446 velit.
1080 2401 1095 2440 u

354 2485 423 2556 Quo
437 2483 538 2565 lacto,
552 2481 732 2545 llachomes
743 2485 835 2546 tanto
848 2485 986 2549 clamore
999 2486 1131 2567 replevit

397 2605 487 2671 aera,
501 2589 588 2670 quod
599 2589 706 2652 coelos
719 2589 896 2654 intonuisse
908 2595 1001 2672 putes
1012 2617 1021 2669 ς

357 2702 445 2763 Tunc
456 2700 568 2759 taurus
581 2714 677 2776 quem
691 2695 847 2760 nutrierat
857 2699 956 2778 (quod
965 2701 1034 2779 jam
1047 2699 1253 2779 memoravi),

395 2803 450 2887 qui
458 2805 551 2885 juxta
566 2802 675 2884 gracili
689 2804 766 2866 lune
776 2803 893 2883 ligatus
905 2807 990 2888 erat3

355 2912 449 2978 Exilii
463 2912 503 2975 ad
516 2928 628 2975 vocem
641 2909 863 2993 llachometis,
877 2910 1004 2976 vincula
1018 2913 1137 2996 rumpit
1150 2914 1196 2994 (2)

395 3022 428 3082 et
439 3017 557 3081 domini
571 3015 704 3095 pedibus
717 3019 836 3080 stratus
849 3017 963 3082 adorat
975 3037 1061 3084 eum.

288 3225 317 3280 (ll
330 3227 390 3270 l’our
405 3233 434 3266 ne
451 3231 491 3276 pas
513 3219 601 3264 scinder
618 3221 639 3265 le
658 3231 752 3278 passage
773 3219 800 3265 de
835 3223 994 3269 consuetudine
1009 3227 1105 3282 quadam
1118 3227 1215 3274 edoctus
1227 3231 1251 3271 ut
1264 3227 1295 3272 de
1308 3235 1368 3270 manu

262 3285 395 3331 Vincentius
404 3283 432 3327 da
441 3282 562 3332 Bcauvals,
578 3293 634 3326 noas
646 3282 665 3326 le
677 3283 801 3326 donnerons
835 3285 997 3342 ejuspalaulum
1012 3289 1133 3344 acciperet,
1148 3291 1178 3335 ad
1187 3301 1267 3334 vocem
1281 3289 1330 3345 elus
1339 3297 1369 3330 ce·

263 3351 292 3394 iel
302 3360 331 3392 en
344 3345 423 3397 entier,
433 3345 531 3401 quoique
541 3355 584 3388 une
595 3344 739 3402 partienese
750 3355 801 3399 rap-
834 3357 885 3390 ram
904 3348 984 3404 populo
1006 3351 1076 3401 venit,
1101 3356 1125 3396 et
1144 3351 1211 3408 quasi
1230 3349 1288 3406 legis
1306 3357 1370 3394 norm

262 3416 326 3468 porta
337 3407 421 3464 qu'aux
432 3417 484 3451 vers
495 3405 595 3450 suivants
606 3417 613 3448 a
627 3405 656 3448 Et
666 3410 691 3449 ut
701 3404 801 3459 ejusdem
835 3408 939 3453 mandata
950 3411 1042 3456 coelitus
1050 3410 1132 3467 missa,
1143 3423 1202 3470 quae
1211 3411 1259 3468 ipse
1270 3409 1372 3456 cornibus

263 3468 362 3517 missioni
372 3468 399 3512 ad
414 3468 484 3511 instar
494 3467 565 3523 ldopsi
579 3466 676 3523 prodigia
690 3466 801 3522 quaedam
837 3471 885 3526 elus
905 3470 1045 3527 alligaverat,
1066 3471 1155 3518 detulit.
1176 3471 1218 3518 Sed
1236 3477 1260 3516 ct
1283 3471 1374 3530 picarias

263 3533 392 3577 viderentur
401 3528 517 3583 attestari,
527 3530 631 3586 populum
644 3527 758 3583 assignata
767 3528 803 3573 dle
837 3531 895 3576 lacte
913 3544 940 3578 ac
954 3535 1017 3580 melle
1029 3535 1119 3592 plenas,
1132 3546 1190 3594 quas
1204 3534 1254 3592 ipse
1274 3534 1299 3579 ia
1312 3531 1375 3578 certis

264 3592 397 3640 convocavit
410 3591 437 3635 ad
450 3595 535 3634 certum
549 3591 638 3643 locum,
651 3589 716 3646 qnasi
732 3590 803 3646 legem
837 3592 891 3636 locis
905 3598 981 3640 terrae
999 3596 1096 3641 latenter
1113 3597 1237 3649 inluderet,
1257 3595 1323 3652 quasi
1337 3604 1375 3649 per

264 3649 804 3708 divinitnsmissaminsignisetprodlgiisaccep·
838 3654 936 3700 dlvinarn
949 3657 1107 3704 revelationem
1125 3658 1205 3703 ibidem
1224 3657 1294 3702 ellodi
1313 3654 1375 3706 lectt,

263 3725 347 3762 turum.
356 3716 433 3766 lune,
444 3714 640 3758 eosermoclnanta
650 3711 677 3756 ad
687 3713 803 3769 populum,
839 3720 861 3759 at
879 3719 971 3773 populo,
994 3718 1055 3764 velut
1075 3721 1098 3764 ln
1119 3720 1207 3776 signum
1228 3715 1378 3764 abundantiae

265 3775 367 3823 columba
375 3785 434 3832 quae
445 3773 469 3818 in
479 3775 552 3820 vicino
562 3780 624 3829 eret,
633 3775 661 3819 ad
675 3773 717 3818 hoc
728 3775 802 3830 ipsum
839 3777 928 3824 intutae
938 3791 1005 3835 qnam
1016 3793 1057 3836 per
1070 3781 1168 3838 ejusdam
1184 3781 1242 3838 legis
1252 3780 1379 3825 olsenm

264 3838 372 3884 fallaciter
382 3836 475 3890 edocta,
491 3847 559 3894 super
570 3836 687 3880 humerum
701 3837 750 3891 aJ'us
761 3835 802 3879 ad·
838 3839 892 3884 tiam
903 3843 959 3885 idem
971 3842 1065 3898 populus
1078 3843 1157 3886 mereri
1167 3842 1297 3898 iuberetur,
1306 3843 1379 3884 osten·

264 3900 342 3946 volana
351 3897 427 3950 stetit,
440 3903 463 3942 et
471 3897 494 3942 ln
505 3899 555 3954 clus
565 3909 632 3951 aure,
641 3897 707 3951 juxta
717 3907 802 3942 mamm
837 3901 882 3957 dlt;
897 3901 1025 3959 &ceulam
1039 3901 1177 3959 aemam,
1189 3903 1204 3949 l.
1215 3914 1285 3959 xxiv,
1296 3900 1332 3947 cll.
1344 3901 1377 3950 ⁴⁰,

264 3962 367 4014 solitum,
392 3970 463 4016 mana
485 3959 538 4004 inihi
556 3959 652 4014 reposita
669 3959 802 4012 comedens,
837 3963 873 4007 ed.
887 3964 914 4007 da
928 3964 1077 4022 llurernberg,
1091 3968 1152 4009 lisa.

265 4024 330 4080 quasi
349 4021 424 4084 'verba
445 4021 500 4078 legis
522 4021 542 4066 el
563 4032 655 4078 suggere
677 4021 798 4065 simulavit.
863 4025 892 4084 (a,
907 4023 980 4082 nupia
993 4027 1048 4071 nans
1061 4027 1087 4070 Α,

266 4087 354 4131 Taurus
372 4095 479 4141 quoque,
502 4082 601 4127 similiter
622 4081 649 4127 ad
670 4081 712 4127 lloc
729 4082 802 4138 ipsum
