2892 4940
566 479 754 534 ι“-165-’

194 599 270 661 dum
280 603 402 662 sectant
414 615 487 661 cum
501 604 637 681 symone
649 604 757 668 lllisaei
772 621 914 685 servum,

194 705 335 767 relaxant
344 706 485 786 justitiae
497 709 547 770 vel
559 708 743 790 dirumpunt
756 729 899 775 nervum.

192 858 259 918 Non
269 857 412 936 splendet
423 857 583 922 humilitas
595 860 684 924 collis
695 861 923 942 praelatorum,

192 963 247 1024 sed
257 964 389 1043 superbe
401 969 565 1047 satagunt,
583 985 648 1030 non
661 969 769 1030 tamen
779 968 938 1032 minorum

189 1068 247 1130 sibi
261 1071 344 1133 flecti
355 1073 454 1150 J‘anua
466 1073 498 1152 (l.
511 1077 642 1152 genua),
658 1074 714 1136 sed
724 1074 938 1155 superiorum,

188 1192 262 1237 cum
274 1180 356 1239 Deus
366 1177 510 1240 humiliet
522 1180 553 1257 (l.
567 1178 712 1241 humiliat
721 1181 744 1256 l)
757 1181 838 1242 oolla
851 1181 1069 1259 superborum.

188 1329 340 1391 Praelecit
353 1327 510 1391 Ecclesiae
521 1328 662 1394 Christus
679 1329 884 1411 piscatorem,

187 1435 224 1494 ut
237 1435 368 1497 liaberet
378 1434 529 1498 humilem
541 1452 596 1514 per
610 1436 712 1498 saecla
726 1438 902 1516 pastorem,

185 1557 273 1601 nune
282 1557 358 1602 vero
370 1557 434 1602 non
448 1539 570 1618 eligunt
581 1543 673 1604 Petro
687 1557 918 1621 successorem,

184 1645 393 1708 Constantino
404 1645 538 1708 similem
549 1645 605 1706 sed
615 1651 773 1726 quaerunt
785 1649 951 1710 rectorem.

181 1796 267 1857 Bella
281 1795 433 1874 miscent,
449 1793 570 1874 peritus
586 1798 627 1872 (l)
641 1797 674 1858 et
685 1795 888 1858 seductiones
897 1797 931 1870 (l.
945 1794 1115 1858 seditiones
1125 1797 1147 1866 'll

182 1900 268 1962 intra
279 1902 420 1980 plebem,
436 1898 568 1980 milites,
584 1917 675 1978 reges
689 1901 721 1961 et
733 1901 889 1980 barones,

183 2007 272 2068 unde
289 2006 371 2069 liunt
384 2005 479 2068 hodie
493 2008 541 2067 tot
553 2004 737 2068 occasiones

184 2113 273 2192 quod
287 2114 353 2174 fere
366 2129 400 2174 se
410 2110 570 2191 perimunt
580 2127 690 2174 omnes
702 2111 857 2174 nationes.

185 2267 330 2343 Regnum
341 2280 476 2342 rognum
491 2263 659 2325 destruunt
667 2264 700 2342 (l.
711 2263 857 2340 destruit)
867 2265 899 2324 et
911 2279 989 2342 gens
1001 2264 1104 2344 perdit
1115 2281 1198 2344 gen-

183 2369 274 2434 dives
288 2371 407 2431 mactat
419 2387 590 2449 pauperem
602 2371 635 2430 et
645 2387 764 2448 pauper
776 2371 939 2447 potentem
953 2395 961 2448 3
1101 2373 1196 2450 [tem3

182 2477 276 2554 pater
288 2475 384 2537 tradit
396 2475 498 2537 lilium
509 2477 541 2536 et
554 2473 620 2554 ipse
634 2478 819 2554 parentem,

164 2597 241 2642 -nec
260 2580 389 2641 fratrem
400 2577 540 2641 invenies
553 2579 683 2641 fratrem
698 2579 891 2659 diligentem.

181 2733 295 2791 Partes
308 2726 417 2790 mundi
431 2728 568 2807 quatuor
581 2743 667 2788 nunc
680 2743 795 2805 guerra
807 2726 955 2807 lacescit,

181 2854 242 2899 nec
261 2850 366 2912 mare,
380 2849 441 2894 nee
454 2830 600 2912 flumina,
616 2849 675 2896 nec
689 2835 772 2893 terra
786 2832 920 2911 quiescit
932 2859 940 2911 3
984 2861 986 2866 ·

180 2940 292 3006 omnis
305 2941 401 3001 homo
417 2939 562 3001 fulminat
575 2941 607 2999 et
620 2955 707 3000 arma
721 2937 874 3018 capescit,

182 3052 215 3110 et
224 3045 328 3128 pestis
342 3043 560 3123 discordiatel)
573 3045 639 3104 tota
655 3042 705 3104 die
718 3042 841 3106 crescit.

184 3201 288 3260 Notus
300 3198 407 3274 (Totus
416 3195 439 3272 i)
453 3194 548 3256 estin
563 3192 712 3256 caedibus
725 3193 810 3256 orbis
824 3193 1003 3276 involutus,

186 3306 220 3364 et
231 3302 309 3365 hino
322 3303 397 3365 inde
415 3300 537 3380 gladius
549 3303 693 3365 versatur
706 3303 839 3382 acutus,
1120 3282 1123 3288 Δ

188 3411 237 3469 est
246 3409 386 3472 vasallus
399 3407 518 3470 donuni
532 3423 644 3470 eruore
657 3407 814 3488 pollutus,

189 3532 248 3578 nec
262 3516 378 3594 hospes
389 3515 428 3576 ab
442 3513 565 3594 hospite
580 3514 765 3592 potestesse
778 3515 884 3576 tutus·

123 3717 124 3722 ,
187 3665 213 3724 Α
227 3660 374 3742 praelatis
387 3658 585 3723 omnia'haec
598 3661 704 3721 ortum
715 3658 902 3738 traxerunt,

188 3769 245 3830 sed
258 3766 342 3847 ipsos
355 3765 493 3846 pericula
506 3783 570 3828 non
583 3761 883 3844 praetermiserunt:

123 3985 150 4042 (1)
163 3988 298 4033 Paul-etro
312 3999 338 4032 ce
349 3991 395 4032 mol
409 3985 446 4042 qul
460 3996 557 4040 nanque
573 3984 630 4056 dans
662 3991 722 4036 rttto
732 3991 760 4036 da
769 3992 790 4036 la
799 3991 977 4049 basse-latinitd3
991 4007 1059 4052 noyez
1074 3997 1103 4042 du
1115 3995 1200 4054 Gange,

101 4051 145 4092 tous
158 4049 189 4094 las
202 4049 332 4106 glossam,
344 4049 404 4094 est-il
414 4047 489 4092 uenae
504 4047 532 4091 de
543 4047 629 4090 Perare
664 4058 680 4097 ι,
693 4055 718 4106 v,
734 4066 755 4110 p,
770 4058 818 4108 207,
831 4053 873 4099 001,
889 4060 908 4098 l.

99 4113 121 4150 et
130 4112 198 4156 a-t·il
212 4111 233 4156 la
250 4112 322 4154 meme
335 4109 480 4166 signification
494 4120 538 4163 quc
553 4107 572 4152 la
584 4107 628 4153 Pe-
