2908 4942
557 502 597 514 -
611 475 668 530 279
681 505 719 514 --

374 594 501 658 seduxit
515 597 650 662 christos
661 602 783 665 Domini
800 606 810 684 (
832 613 851 681 ).

374 732 464 795 Venit
476 733 563 814 pacis
575 737 635 798 sub
647 737 767 820 specie,

375 841 474 903 iulius
486 843 579 904 turba
594 845 770 928 nequitiae3

374 948 488 1010 falsum
499 949 623 1030 fingens
635 955 814 1036 negotium,

374 1052 458 1134 regis
471 1055 610 1120 turbavit
623 1058 734 1122 otium.

374 1185 525 1251 donativa
537 1189 758 1273 subsequitur,

373 1291 431 1353 sed
444 1294 544 1372 gratie
558 1297 746 1380 negligitur3

374 1397 482 1462 dolum
494 1400 639 1482 ingratus
656 1405 776 1484 gratioe

375 1503 491 1568 blenda
504 1509 586 1570 celat
596 1509 656 1571 sub
670 1509 760 1572 facie.

373 1637 497 1700 Invadit
508 1639 686 1704 solitarium

373 1743 452 1806 nihil
465 1743 580 1810 timens
590 1748 633 1826 (2)
644 1750 854 1831 contrarium,

373 1850 558 1930 aggreditur
570 1851 603 1915 in
614 1855 731 1917 lectulo

373 1974 468 2035 quem
480 1975 547 2021 non
562 1959 661 2023 nudet
678 1960 711 2023 in
724 1961 853 2041 praelio.

373 2090 422 2155 Sic
436 2090 545 2154 infelix
556 2092 604 2156 vir
615 2091 727 2175 Belial,

373 2198 553 2281 altercain,
570 2201 649 2263 alter
661 2203 773 2283 Nabal,

283 2305 286 2314 “
371 2305 586 2386 quicruentas
599 2307 632 2371 in
645 2307 792 2389 proprios

370 2427 486 2475 munus
500 2412 609 2494 injecit
618 2413 778 2480 dominos.

372 2548 462 2606 Hunc
472 2546 604 2610 Herodis
615 2547 774 2630 impietas,

370 2665 466 2728 quem
478 2649 565 2712 nulle
579 2651 728 2730 ileetit(3)
741 2653 852 2735 pietus,

373 2753 491 2816 addicit
501 2757 544 2834 (i)
554 2775 658 2822 noxae
669 2760 796 2824 sceleris

372 2860 463 2923 malis
473 2879 580 2924 rerum
593 2881 669 2942 prae
682 2869 824 2931 caeteris.

372 2995 463 3055 Hunc
474 2994 605 3058 Neronis
617 2995 796 3062 immanitas

374 3101 408 3160 et
419 3100 557 3164 enormis
567 3101 737 3167 erudelitas

375 3205 588 3269 condemnant
598 3207 833 3299 impiissimum,

374 3311 518 3376 videlicet
528 3313 599 3392 plus
612 3313 752 3395 impium.

373 3449 454 3508 Dum
466 3443 578 3526 impios
591 3464 759 3530 recenseo,

373 3552 496 3613 nullum
508 3553 648 3631 pejorem
661 3571 776 3618 censeo

375 3656 435 3719 hoc
446 3656 580 3720 ilenrico
594 3658 786 3738 nequissimo

374 3765 424 3826 vel
436 3763 532 3845 Judu,
545 3781 604 3827 suo
615 3765 713 3829 socio.

114 3954 140 4010 tr)
153 3955 325 4002 Probabiemene
341 3954 435 4000 i'nuteur
449 3969 462 4002 a
474 3959 540 4002 rouiu
555 3970 618 4002 rern-
679 3961 707 4015 (ui
721 3960 793 4008 Nihil
801 3961 920 4009 timentem
928 3965 983 4012 dens
992 3968 1189 4030 Pontancnpeut·

91 4013 160 4068 placer
176 4019 197 4064 ia
217 4018 273 4062 rime
286 4030 326 4074 par
346 4017 367 4062 lu
388 4029 542 4064 conconnanee
553 4019 580 4064 de
597 4021 619 4064 iu
653 4023 701 4067 etro
711 4022 790 4068 ient-ii
803 4024 843 4069 lire
854 4024 892 4070 m'l
906 4025 1033 4077 remonon.

91 4075 217 4129 oduuitidme
226 4085 250 4125 ot
259 4079 287 4124 de
295 4077 501 4137 i’anreponuuiene,
511 4094 539 4126 ou
546 4081 561 4126 ii
572 4080 620 4126 faut
680 4085 711 4140 (3)
723 4083 811 4129 Flectit
823 4083 879 4132 done
893 4087 999 4136 iiuitieid.

91 4139 185 4195 corriget
194 4141 227 4188 icc
235 4153 278 4187 me.
289 4145 313 4188 ct
323 4141 364 4188 iirc
374 4141 485 4198 christoe,
500 4142 606 4189 Domine.
682 4146 711 4202 (i)
722 4143 822 4192 Addidit
834 4145 890 4194 dans
900 4149 1024 4198 Fontanus.
