2926 4952
569 471 710 525 ..51-

211 587 326 650 Revisit
339 590 535 665 tibialamum
547 593 653 670 sponsi
665 599 854 680 praesentia,

210 698 263 778 qui
274 716 367 780 super
380 702 541 764 cherubim
551 703 631 766 mira
644 708 782 785 potentia

209 811 339 894 volavit,
354 813 539 892 praevidens
552 821 667 880 cuncta
678 822 818 884 latentia.

348 934 419 1014 Eia,
435 935 499 1015 eia,
516 936 583 998 eia!

365 1056 445 1117 grex
455 1039 486 1101 in
497 1043 622 1120 pascuis

326 1139 446 1202 alludat
458 1142 622 1204 uberrimis

326 1247 358 1306 et
371 1250 542 1325 sequantur
555 1249 681 1328 agmina

327 1363 444 1424 agnum
456 1347 538 1409 mter
550 1350 629 1432 lilia3

306 1453 360 1532 qui
372 1456 473 1517 iactus
485 1459 533 1516 est
546 1455 658 1536 opilic,

306 1562 465 1637 assumpto
479 1559 582 1620 camis
592 1560 701 1640 pallio,

307 1662 339 1720 et
351 1677 407 1738 per
418 1661 520 1723 crucis
533 1663 734 1744 mysterium,

308 1759 390 1821 elisit
403 1761 509 1822 fauces
522 1761 729 1843 daemonum,

307 1862 389 1924 elisit
402 1865 509 1926 fauces
524 1865 728 1946 daemonum,

307 1968 410 2030 serens
424 1967 486 2030 reis
498 1969 690 2032 remedium!

207 2152 320 2215 Electri
334 2156 452 2233 species
464 2156 592 2218 tandem
605 2157 732 2220 emicuit
744 2163 788 2234 (i)

208 2266 242 2325 et
255 2280 341 2326 mare
354 2265 487 2328 vitreum
500 2267 538 2328 de
552 2267 625 2330 Sicu
639 2267 735 2350 exiit3
831 2269 838 2282 '

208 2374 322 2454 anguis
336 2377 514 2440 teterrimus
524 2396 686 2460 uunquam
699 2379 816 2442 interiit

347 2496 416 2578 Eia,
430 2497 496 2580 eia,
512 2500 580 2562 eial

367 2619 445 2682 grex
457 2603 491 2664 in
504 2604 628 2683 pascuis

326 2707 446 2769 alludat
459 2708 624 2771 uberrimis

326 2811 358 2870 et
371 2814 543 2889 sequantur
554 2814 680 2892 agmina

328 2935 447 2997 agnum
458 2919 539 2980 inter
551 2920 631 3000 lilia3

309 3021 363 3102 qui
377 3022 480 3083 iactus
494 3024 542 3084 est
552 3022 663 3103 opilio,

306 3127 467 3204 assumpto
482 3125 585 3187 camis
597 3124 706 3205 pallio,

305 3229 338 3289 et
347 3244 403 3307 per
414 3225 516 3289 crucis
528 3225 726 3308 mysterium,

306 3330 387 3394 elisit
400 3331 506 3393 fauces
520 3330 725 3412 daemonum,

307 3435 387 3498 elisit
400 3436 505 3498 lauces
519 3436 726 3516 daemonum,

307 3551 411 3613 ierens
423 3551 485 3614 reis
498 3552 687 3616 remedium!

131 3785 157 3840 (ii
180 3769 282 3827 Ezechiel
294 3781 326 3825 iit
342 3791 370 3824 err
387 3786 503 3825 recantant
515 3782 536 3825 la
550 3782 622 3826 vision
657 3782 720 3826 chart
732 3791 744 3824 a
756 3778 862 3836 pretenta
875 3791 919 3837 que
937 3779 1069 3826 i’lilectram
1088 3783 1143 3829 erait
1157 3786 1187 3830 du

94 3845 143 3898 qu‘il
156 3849 197 3890 eut
210 3844 237 3888 tie
248 3842 319 3886 Dieu:
333 3840 362 3886 lit
375 3852 429 3886 eece
439 3846 517 3886 ventus
528 3843 622 3888 turbinis
656 3839 777 3898 carpserat
791 3840 969 3899 (amiciatcump
990 3843 1023 3888 Da
1045 3845 1191 3892 aetralibus

96 3907 195 3952 veniebat
207 3906 235 3949 ab
247 3905 362 3959 aquilone,
376 3908 398 3946 at
411 3903 480 3948 nubes
493 3915 585 3959 magna,
600 3910 622 3950 et
656 3902 805 3959 scripturae,
821 3901 847 3946 P.
863 3904 892 3957 ii,
904 3904 916 3946 l.
927 3914 962 3958 vr,
976 3905 1017 3949 ccl.
1028 3909 1074 3950 til.
1087 3908 1187 3964 Quanti

96 3966 277 4021 imbutionem,
288 3970 309 4010 et
323 3965 422 4022 splendor
431 3965 453 4009 in
463 3965 557 4009 circuitu
566 3967 622 4021 ejus,
656 3964 677 4009 la
692 3963 865 4017 mordereris,
878 3964 918 4010 alla
931 3975 1031 4011 annones
1049 3965 1068 4011 la
1083 3969 1188 4024 presence

99 4029 152 4073 atde
166 4027 239 4073 medic
253 4027 301 4081 ejus
313 4026 376 4081 quasi
393 4025 478 4082 species
492 4024 579 4080 electri,
600 4026 622 4070 id
656 4025 682 4071 de
694 4025 749 4070 Dieu
765 4024 821 4070 dans
832 4023 995 4082 rupocatypu,
1005 4028 1039 4072 cb.
1050 4039 1081 4082 rr,
1092 4041 1114 4072 r.
1125 4033 1146 4073 a.
1158 4029 1188 4076 m

100 4090 167 4134 cattle
180 4089 254 4132 medio
267 4087 335 4142 ignis3
352 4088 387 4131 ch.
400 4100 423 4142 r,
436 4099 457 4132 a.
470 4092 490 4130 Ω.
505 4087 567 4131 Dans
579 4099 623 4132 una
656 4087 679 4130 in
693 4092 811 4142 conspeetu
829 4087 886 4131 seclis
899 4092 1004 4143 tauquam
1017 4099 1078 4132 mare
1091 4091 1186 4136 vitiam

99 4147 232 4195 dissertation
254 4149 368 4204 beaucoup
390 4154 438 4204 trop
457 4152 559 4201 sanante,
579 4149 623 4192 Be-
657 4147 726 4193 simila
740 4148 848 4202 crystallo.
