2892 4940
745 512 889 568 '‘98'-

530 635 624 698 laooh
635 639 685 696 est
694 651 798 698 nonus
809 634 910 712 filius,

530 757 606 819 opes
619 739 797 802 concedens
810 737 937 817 regibus
948 741 1001 816 (ll.

530 887 573 945 De
587 885 660 945 Bala
675 885 786 962 natus,
800 881 951 961 Neptalim

532 991 606 1049 ante
618 987 708 1049 sedet
719 1005 816 1066 quam
829 983 1011 1065 Benjamin3

531 1110 572 1154 ex
586 1093 675 1154 motu
689 1107 782 1152 cervo
794 1087 918 1167 similis,

534 1197 614 1257 dans
627 1195 721 1256 verba
733 1190 976 1272 pulchritudinis
989 1193 1041 1266 (2).

535 1342 572 1402 Et
586 1357 680 1419 snper
692 1355 821 1400 saccum
834 1335 995 1416 BenJamin

534 1459 629 1522 quern
637 1443 750 1520 loseph
761 1441 793 1519 (l.
804 1441 909 1515 Jacob)
917 1439 1051 1502 multum
1066 1435 1183 1515 diligit,

535 1563 631 1626 quem
645 1545 785 1608 turbavit
798 1549 968 1625 argenteus

536 1649 674 1730 scyphus
688 1647 721 1710 in
732 1665 826 1712 sacco
839 1648 971 1729 positus,

536 1804 650 1882 loseph
664 1821 682 1864 a
697 1802 784 1864 duris
798 1803 948 1864 fratribus

536 1907 722 1970 ismahelitis
734 1907 899 1988 venditus,

535 2015 599 2090 jam
614 2011 703 2073 sedet
716 2027 811 2090 snper
822 2011 964 2072 modium

538 2117 611 2193 post
624 2113 828 2193 adimpletum
843 2113 1012 2176 somnium.

541 2262 657 2322 lsrahcl
672 2259 763 2322 multi
774 2258 847 2338 lilii,

542 2383 560 2426 a
574 2365 737 2426 Pharaone
749 2363 837 2425 liberi
849 2410 856 2442 ,

543 2487 639 2549 snper
652 2472 796 2532 recoctos
809 2470 924 2530 lateres

545 2591 621 2636 suos
634 2572 746 2635 sedent
757 2589 813 2651 per
827 2571 973 2634 ordines?

545 2730 644 2804 Super
657 2739 785 2786 arenam
797 2724 919 2785 Pharao

545 2829 633 2891 sedet
647 2846 721 2890 cum
733 2829 834 2888 lracto
845 2826 991 2906 brachio,

546 2934 579 2995 in
593 2933 672 2995 mari
687 2950 783 2996 curru
796 2932 920 3011 perdito

548 3056 621 3100 curn
635 3040 704 3100 toto
719 3055 777 3100 suo
791 3038 919 3117 populo.

548 3193 586 3253 Et
598 3194 720 3268 Moyses
733 3187 766 3248 in
779 3187 899 3264 scirpea

550 3290 639 3352 sedet
652 3289 768 3349 fiscella
783 3301 922 3348 concava
937 3333 945 3363 ,

552 3395 654 3456 virum
668 3392 722 3471 qni
735 3392 783 3454 vir
796 3390 983 3472 Aegyptium

554 3493 720 3558 abscondit
733 3495 842 3556 subter
854 3492 1010 3554 sahulurn.

554 3649 617 3712 snb
631 3647 715 3708 tribu
728 3645 817 3735 sedet
830 3644 965 3724 israhel,

554 3766 648 3828 super
660 3747 803 3808 bissenos
815 3743 934 3823 lapides

314 4004 342 4058 (ι)
356 3999 448 4057 Lepain
466 3997 543 4040 d'Aser
557 3991 740 4038 seraexeellcnt.
756 3989 824 4032 elles
885 3990 912 4045 (a)
936 3991 1036 4046 Nephtnli
1061 4001 1110 4034 scra
1129 4003 1214 4037 comme
1239 4007 1269 4040 un
1295 3997 1343 4043 ceri
1357 3991 1386 4050 qul

288 4068 333 4114 rats
350 4077 364 4120 y
379 4064 509 4106 trouveront
526 4057 586 4100 leurs
606 4054 701 4103 dellccs3
724 4049 823 4102 Genese,
859 4050 1013 4106 s’echappect
1022 4049 1042 4093 la
1052 4053 1119 4105 grece
1130 4064 1179 4096 sera
1189 4054 1306 4110 rc'pandue
1318 4063 1387 4102 surses

289 4128 404 4177 cmix,
416 4135 437 4165 v.
448 4125 488 4173 203
502 4129 570 4172 noyez
581 4112 824 4165 cumiliacensem,
860 4111 961 4167 perolas3
977 4111 1076 4164 dentre,
1091 4113 1126 4156 ch.
1139 4126 1208 4164 xiix,
1223 4127 1245 4158 v.
1255 4121 1292 4162 ει,

280 4190 429 4236 chutun,
444 4195 465 4226 v.
478 4185 512 4223 nl.
