2914 4944
550 529 588 540 -
603 498 660 557 tut
674 530 711 540 -

221 627 283 685 Nec
296 623 447 686 naturalis
462 640 539 686 usus
552 623 704 704 pariendo
715 624 832 704 jugalis
844 628 906 705 (l),

217 729 291 805 Spes
304 741 373 788 mea
389 726 539 808 causalis,
554 727 717 790 mediatris
729 729 763 802 (l.
776 727 955 808 mediatrix)
969 730 1036 791 sola
1050 729 1184 810 vocalis,

220 832 347 891 Munere
360 830 489 910 pluralis
500 831 651 911 largaque
664 847 761 894 manu
772 829 922 912 venialis3

220 934 332 997 Hostia·
341 935 512 1017 paschalis,
527 939 620 1016 cujus
633 935 692 999 luit
705 937 770 998 alta
783 936 843 998 sub
856 936 914 998 alis

219 1040 322 1103 Gloria
335 1040 455 1122 vitalis,
470 1041 602 1104 salvatio
614 1040 801 1123 spiritualis3

219 1147 260 1207 Os
270 1146 465 1212 medicinalis
476 1171 485 1227 ς
498 1148 634 1227 placatio
649 1147 848 1228 subsidialis3

219 1250 333 1313 lientio
347 1252 485 1334 festalis,
501 1253 644 1334 operaria
659 1252 861 1334 prodigialis,

218 1361 332 1419 Dextra
345 1358 498 1421 maritalis
510 1377 606 1440 quam
619 1377 686 1423 non
699 1357 803 1440 tetigit
816 1358 956 1439 socialis,

218 1465 277 1528 Sed
291 1482 395 1544 neque
408 1465 513 1530 rivalis
525 1485 559 1530 se
572 1467 700 1531 miscuit
713 1465 855 1529 officialis

216 1570 278 1645 (Sic
291 1570 477 1635 immortalis
491 1573 552 1635 luit
565 1573 648 1636 aetio
662 1571 834 1653 spiritualis

217 1678 368 1756 Nullaque
382 1679 517 1741 camelis
530 1679 709 1760 corruptio,
726 1679 818 1742 foeda
833 1677 977 1757 sodalis),

217 1784 299 1864 Flos,
313 1802 386 1847 rosa
396 1785 544 1867 vernalis,
560 1786 594 1848 in
607 1788 713 1850 fructu
725 1787 932 1868 perpetualis,

216 1892 311 1970 Cujus
326 1890 406 1954 odor
417 1892 523 1956 suavis
536 1892 618 1956 vitiis
634 1897 684 1956 est
696 1893 853 1975 exitialis,

216 1998 310 2060 Stella
325 1997 497 2080 diurnalis,
517 1999 693 2064 reverentia
707 2000 918 2080 catholicalis,

215 2105 370 2168 Mentibus
382 2107 529 2170 humanis
541 2125 607 2171 non
622 2112 670 2170 est
683 2108 753 2170 laus
766 2110 816 2188 cuj
822 2125 859 2170 us
871 2107 972 2170 inanis
984 2135 991 2188 5

215 2212 696 2290 Mons(r)rati0na1isetehristi
711 2214 918 2295 collateralis,

158 2375 162 2382 .
214 2318 287 2380 Plus
299 2336 395 2398 quam
409 2320 535 2400 regalis,
551 2319 703 2400 quianon
716 2318 777 2381 erit
790 2320 888 2382 altera
901 2319 990 2402 talis,

168 2431 172 2442 ’
215 2428 277 2484 Nec
290 2425 349 2485 luit
360 2426 516 2504 aequalis,
532 2428 597 2485 tam
612 2424 702 2486 tortis
714 2427 747 2485 et
759 2423 949 2505 imperialis3

216 2528 313 2586 Mater
327 2543 426 2588 ovans
440 2527 535 2606 regis,
549 2525 583 2587 in
594 2529 685 2606 cujus
698 2529 818 2592 lumine
833 2528 939 2612 degis,

216 2630 274 2705 Qui
286 2630 340 2692 dat
350 2630 383 2692 in
394 2649 471 2693 aure
481 2631 586 2710 gregis
598 2631 723 2696 divinae
735 2633 885 2712 dogmata
895 2635 989 2715 legis,

216 2734 344 2816 Nobilis,
357 2735 500 2816 insignis
510 2737 735 2818 memorabilia,
749 2736 878 2820 inclyta,
889 2739 989 2819 mitis,
1038 2771 1041 2778 ·

216 2846 361 2923 Strenua,
375 2843 517 2905 sublimis
529 2844 561 2906 et
574 2845 641 2905 tota
652 2845 798 2922 potenter
812 2845 918 2908 herilis
930 2872 939 2924 3

215 2953 289 3011 ture
303 2951 411 3012 cluens
425 2951 526 3031 prole,
540 2947 665 3029 pariens
679 2953 786 3012 tamen
800 2951 920 3029 absque
934 2950 1043 3012 dolore
1056 2977 1064 3030 3

216 3055 410 3135 splendidior
421 3057 505 3138 sole,
520 3055 648 3119 coelesti
663 3058 754 3135 plena
767 3056 900 3138 decore,

214 3166 275 3226 Fac
288 3164 357 3226 lore
370 3179 423 3224 me
429 3165 504 3243 jure
517 3162 585 3225 sine
599 3161 663 3225 sine
677 3165 750 3224 tuae
766 3163 930 3242 geniturae
944 3162 952 3225 ἔ

68 3295 284 3375 Cettehymne
299 3296 347 3358 est
361 3293 471 3374 suivie,
488 3293 566 3355 dans
578 3295 608 3356 le
620 3292 806 3372 manuscrit,
821 3292 897 3356 d’un
913 3296 1004 3355 autre
1017 3299 1130 3373 poeme
1145 3293 1184 3354 de

69 3401 308 3482 quatre-vingts
328 3419 413 3482 vers,
439 3399 457 3464 d
478 3401 508 3463 la
531 3403 669 3479 louange
691 3401 730 3462 de
754 3401 783 3461 la
805 3397 908 3462 sainte
919 3399 1047 3480 Vierge,
1063 3398 1142 3461 dont
1154 3400 1184 3460 le

71 3509 220 3591 rhythme
235 3509 315 3570 n'est
333 3527 389 3588 pas
409 3507 513 3571 moins
526 3506 697 3589 recherche
713 3535 721 3568 ε
738 3523 860 3570 comme
874 3505 895 3567 il
910 3503 1024 3569 n'olire
1038 3504 1184 3568 d’interet

73 3615 229 3678 d'aucune
243 3611 353 3694 espdce
367 3617 472 3695 etque
485 3615 515 3675 le
532 3631 606 3676 nom
620 3613 659 3676 de
671 3614 806 3676 l'auteur
817 3613 870 3693 n’y
882 3616 930 3674 est
943 3629 999 3692 pas
1015 3611 1183 3691 expresse-

75 3725 164 3784 ment
178 3719 324 3802 indique,
340 3738 421 3783 nous
434 3738 517 3783 nous
529 3722 705 3784 bernerons
718 3719 737 3782 a
752 3739 792 3784 en
806 3719 929 3800 publier
940 3720 970 3782 le
982 3735 1184 3781 commence-

77 3833 164 3892 ment
177 3857 184 3890 ε

194 3937 296 3995 Pauca
310 3931 396 4012 loqui
412 3933 520 4013 cupio,
536 3931 696 3996 laudando
711 3930 765 3992 Dei
780 3929 963 4010 genitricem
978 3956 986 4010 3

102 4117 131 4170 (l)
156 4115 212 4159 Suus
234 4113 300 4159 doute
324 4127 379 4170 pour
402 4114 459 4170 jope
478 4114 614 4158 submissu:
650 4115 669 4157 la
691 4112 791 4157 nouvelle
812 4112 892 4156 edition
913 4113 941 4156 de
962 4111 991 4155 du
1014 4111 1104 4166 (ianget
1129 4110 1185 4154 mais

76 4182 133 4221 cette
150 4176 317 4231 interpretation
330 4189 358 4220 ne
372 4188 396 4220 se
409 4183 486 4220 trouve
505 4188 545 4232 pas
558 4176 614 4220 dans
649 4176 732 4231 Papias
743 4175 813 4218 donne
825 4173 883 4230 jrtpo
892 4177 956 4230 apta.
