2892 4940
588 523 752 577 -llzt—-

382 629 491 694 dicens
505 663 512 694 :
530 639 595 699 Noli
609 644 662 703 tua
679 645 772 728 dare,

381 749 421 792 ne
437 737 560 814 cogaris
578 743 768 810 mandicare.

380 856 410 919 Si
425 861 567 926 volebam
581 869 614 942 (l.
628 870 771 937 levabam
781 882 805 953 Ρ)
817 889 1049 968 paupertatem,

381 961 464 1026 hanc
477 965 604 1033 dicebas
618 975 788 1044 salsitatem
801 1012 808 1044 ι

379 1067 487 1131 Melius
501 1077 549 1136 est
562 1093 759 1160 congregare

378 1187 473 1248 quam
488 1176 597 1240 amicis
610 1184 712 1260 possis
725 1187 811 1250 dare.

376 1297 406 1359 Si
423 1303 565 1368 volebam
579 1313 688 1390 culpas
703 1316 777 1379 llere

377 1423 455 1482 quas
468 1426 614 1476 suaseras
629 1420 763 1500 audere,

376 1511 410 1569 tu
426 1510 553 1576 dicebas
564 1522 650 1595 quod
664 1541 720 1600 per
736 1527 829 1592 lletus

378 1616 486 1682 fierem
501 1625 693 1706 quandoque
708 1650 830 1697 caecus.

372 1749 402 1812 Si
417 1754 584 1819 studebam
597 1777 747 1827 revocare

373 1867 453 1926 quos
467 1852 613 1918 videbam
627 1861 789 1946 oberrare,

373 1969 438 2013 non
453 1959 598 2022 cessabas
612 1967 824 2041 mu(s)sitare:

371 2056 491 2120 Sufficit
503 2064 600 2126 temet
613 2069 745 2133 salvare.

368 2185 399 2247 Si
413 2195 581 2265 peccantes
593 2202 781 2284 arguebam,

369 2294 401 2352 te
415 2292 573 2360 dicentem
587 2302 756 2369 audiebam
772 2337 781 2369 ι

368 2402 430 2460 Hos
444 2402 485 2463 ad
499 2405 609 2468 odium
624 2414 772 2476 accendis

367 2495 479 2565 centra
494 2508 541 2587 te,
557 2527 637 2605 quos
651 2517 866 2594 reprehendis.

364 2632 395 2695 si
411 2635 578 2698 studebam
591 2642 739 2726 obedire,

364 2734 411 2796 sic
425 2739 601 2818 temptabas
612 2745 645 2816 (l.
663 2750 819 2828 tentabas)
833 2759 943 2818 contra
960 2758 1023 2820 ire:

364 2837 484 2910 Quibus
499 2844 595 2908 debes
608 2853 711 2929 major
724 2869 808 2934 esse⁷

364 2939 440 3017 quid
454 2941 571 3004 servire
585 2949 634 3006 est
646 2961 797 3014 necesse?

362 3071 392 3134 Si
406 3076 553 3137 morabar
566 3077 598 3139 in
612 3079 766 3164 legende,

362 3179 548 3244 stimulabas
562 3187 638 3260 (me)
652 3186 788 3252 dicende
803 3220 811 3252 :

360 3284 442 3356 Quid
454 3284 505 3347 bic
516 3288 608 3350 sedes
623 3293 670 3352 tot
684 3310 740 3370 per
754 3295 870 3358 horas?

361 3383 464 3464 vade,
480 3403 576 3464 surge
590 3388 676 3468 loqui
689 3392 785 3454 foras.

360 3504 390 3567 Si
403 3507 547 3571 volebam
561 3512 761 3595 praedicarea

361 3627 411 3671 me
426 3610 551 3674 dicebas
566 3616 722 3690 delirare(
743 3620 765 3693 ),

362 3737 391 3800 Si
404 3740 546 3802 volebam
560 3743 722 3824 laborare,

362 3848 396 3905 tu
404 3846 787 3930 monebasmepensared.
794 3861 967 3938 primuml),

108 4045 136 4116 ll)
153 4042 172 4088 ll
190 4053 288 4097 rrrdnllue
306 4044 471 4098 lmbflblemessl
487 4045 546 4089 ‘¹0⁰¹
557 4057 620 4099 lm:
659 4058 721 4128 uidae
734 4073 760 4104 eu
777 4064 894 4116 qualraius
907 4078 963 4110 nous
978 4072 1061 4117 semble
1077 4076 1192 4130 svsldma‘

81 4117 180 4161 querque
190 4115 248 4148 nous
260 4106 350 4158 evoma
362 4107 457 4162 sigualer
471 4119 514 4150 nne
527 4108 622 4151 seconde
658 4123 724 4173 uque,

82 4167 224 4222 irregularia
235 4167 263 4209 de
280 4177 306 4208 ce
318 4177 397 4222 genre,
421 4169 440 4212 la
453 4170 546 4216 division
558 4173 585 4216 de
600 4175 620 4219 la

1075 4274 1094 4328 8
