2902 4940
684 489 723 496 -
739 459 846 513 ade-

503 601 543 646 ne
557 581 741 644 sordescant
757 578 883 639 saecula
980 627 983 632 .

503 688 613 751 talium
624 684 786 749 memoria.

539 953 632 1014 Actrc
641 970 692 1012 sur
704 951 730 1010 lc
740 952 830 1008 meme
839 944 912 1024 sajet
926 947 935 1016 (
958 943 978 1017 ).

501 1175 582 1238 Proh
593 1171 701 1235 dolor!
717 1175 833 1232 Ducem
844 1164 1029 1242 Flandriac‚

501 1283 532 1341 et
546 1279 745 1340 defensorem
762 1272 936 1349 Ecclesiae,

500 1386 619 1448 bonum
633 1387 773 1446 tutorem
787 1378 907 1460 patriae

500 1494 531 1552 et
545 1491 699 1553 cultorem
713 1487 871 1570 justitiae,

499 1624 698 1687 traditorum
712 1621 869 1698 versutia,

500 1731 668 1810 impiorum
682 1729 841 1810 nequitia,

499 1840 591 1916 plena
606 1838 693 1917 gravi
707 1835 824 1901 invidia
839 1883 847 1916 ,

499 1943 632 2022 peremit
645 1959 703 2021 pre
714 1941 848 2021 justitia.

499 2078 523 2135 Ο
538 2075 648 2135 infelix
662 2073 807 2136 Flandria
821 2074 880 2152 (2)!

499 2182 523 2240 0
538 2178 693 2259 crudeliS,
709 2177 858 2257 uimpia!

498 2289 585 2359 Quae
597 2289 628 2347 te
641 2285 724 2364 cepit
739 2285 920 2347 dementia?

473 2458 476 2462 ,
500 2396 587 2465 Quae
599 2409 746 2470 perversu
761 2391 918 2471 nequitia,

499 2525 538 2586 Ut
552 2523 665 2585 ducem
677 2526 768 2585 tuum
783 2541 963 2605 sperneres,

498 2632 633 2691 mortem
646 2628 728 2691 illius
740 2645 909 2708 quaereres

500 2738 531 2796 et
544 2736 674 2814 laqueos
688 2738 929 2817 praetenderes,

499 2845 710 2920 protectorem
723 2843 915 2921 perimeres?

501 2978 545 3035 Tu
559 2992 615 3053 per
628 2993 701 3037 eum
714 2975 869 3039 florueras
882 3025 890 3055 ,

500 3084 533 3140 et
546 3079 693 3142 decorem
705 3081 854 3144 indueras
867 3131 874 3162 ‚

499 3185 668 3263 primatum
681 3187 864 3249 obtinueras
875 3237 882 3268 ,

496 3286 603 3347 multis
616 3288 647 3364 (l.
662 3288 792 3365 multos)
803 3289 924 3356 honere
939 3311 1095 3373 praeeras.

500 3425 576 3504 sed,
590 3425 663 3504 quia
678 3427 832 3490 fornicata
847 3447 899 3511 ea,

497 3531 743 3608 praevaricatrix
753 3535 837 3596 taeta
849 3551 900 3617 es,

235 3775 265 3830 tt)
279 3774 320 3818 les
330 3774 383 3818 trois
393 3781 468 3820 autres
477 3777 638 3832 pieceaontete
649 3781 747 3834 publices
782 3781 802 3826 te
813 3783 916 3840 rhythme
927 3791 960 3830 est
971 3786 988 3830 te
1002 3791 1074 3833 meme
1085 3800 1090 3831 ι
1105 3786 1157 3832 elles
1169 3795 1219 3832 sont
1228 3799 1253 3831 en
1262 3797 1322 3842 qua-

210 3835 265 3880 dans
283 3837 412 3891 mertanne,
429 3834 579 3894 Amplissimu
595 3839 712 3894 collectio,
730 3846 748 3885 t.
783 3846 854 3890 traina
866 3847 1011 3904 menedinna,
1025 3850 1076 3895 dunt
1088 3848 1177 3906 chaque
1186 3850 1264 3906 lignea
1275 3849 1312 3892 tmi

211 3897 748 3956 vncor.inermactdansr’acamactorcm,
784 3906 887 3962 spitabes.

211 3960 749 4079 ffissgsselguzuffiffl'off5:3⁸3ssss¹3}
810 3996 838 4050 (d)
855 3995 874 4038 n
886 4007 982 4052 manque
994 4009 1036 4042 une
1053 3996 1164 4052 spitahed
1183 3998 1321 4054 cetteiiguc,

213 4083 277 4129 faites
289 4085 302 4129 a
314 4083 435 4129 t'imitation
449 4084 480 4129 ies
489 4098 544 4129 unes
555 4086 593 4131 des
608 4093 695 4142 autres,
710 4101 749 4134 car
785 4061 894 4112 pem'ffire
906 4059 940 4100 ια·
