2914 4944
761 479 800 490 -
815 445 922 506 384-

383 584 429 648 sit
439 597 574 663 persona
588 579 717 656 decens,
733 573 859 654 sapiens
870 574 903 634 et
916 571 1056 645 strenua,
1070 563 1110 626 sit
1124 577 1204 641 quae

424 706 489 752 non
503 686 626 749 minuat
639 685 787 746 nostrum
798 676 964 741 nobilitate
979 687 1089 753 genus.

384 795 535 874 Denique,
550 792 604 854 ubl
619 789 691 852 talis
703 789 745 851 sit
757 791 794 849 ut
808 801 876 848 esse
887 779 1060 864 peremnia
1071 776 1221 855 dignum,

424 901 514 963 illum
526 916 578 962 me
589 913 684 962 nemo
696 898 768 975 jure
780 907 899 972 negem
911 891 1020 970 queat.
1033 908 1061 962 a¹

384 1006 559 1090 Respondit
570 1005 749 1069 Machomes
763 1029 770 1062 ι
789 1023 804 1058 a
819 1001 953 1078 Operam
966 995 1051 1058 dabo
1064 993 1158 1055 nocte
1169 987 1286 1066 dieque
1300 1012 1309 1066 3

427 1114 560 1178 forsitan
570 1111 730 1177 inveniam
740 1107 795 1188 qui
808 1106 919 1168 deceat
932 1101 1102 1165 dominam.

388 1222 467 1302 Sed,
481 1219 556 1300 quia
569 1218 624 1283 vix
635 1215 706 1279 talis
720 1216 754 1277 in
773 1211 880 1276 multis
893 1208 1083 1285 invenietur,

426 1326 514 1407 quod
525 1325 651 1406 quaeris
664 1321 751 1400 longi
766 1317 915 1399 temporis
927 1331 997 1380 esse
1010 1329 1092 1376 reor.

388 1438 456 1497 Non
470 1432 578 1495 diffido
593 1435 711 1509 tamen,
726 1427 801 1508 quia
814 1424 840 1488 si
852 1429 935 1488 Deus
949 1422 1010 1485 ista
1024 1423 1130 1484 futura

428 1538 593 1619 praevidit,
607 1554 673 1600 non
687 1538 736 1598 est
746 1551 804 1598 cur
817 1547 982 1595 remanere
996 1529 1126 1607 queant.
1141 1549 1157 1582 a

389 1644 443 1708 llis
453 1643 557 1724 dictis,
571 1642 751 1706 Machomes
762 1637 947 1717 abscedens,
959 1633 1091 1716 pervigil
1105 1632 1224 1713 instat,
1288 1639 1290 1644 '

430 1748 456 1812 si
470 1765 596 1829 quoque
608 1748 690 1810 torte
701 1745 797 1809 modo
812 1745 929 1807 ducere
940 1739 1040 1821 possit
1051 1757 1133 1802 eam.

392 1855 591 1918 Transierant
604 1852 659 1917 vix
670 1854 744 1915 octo
759 1849 826 1914 dies
840 1867 914 1911 cum
928 1847 1081 1909 subdolus
1094 1844 1167 1923 ille,

431 1979 577 2026 veracem
591 1960 754 2039 simulans,
768 1954 1015 2038 praemeditatus
1027 1952 1128 2014 adest.

393 2069 523 2130 Vultum
538 2066 675 2129 demittit
688 2067 747 2144 (1),
763 2063 873 2126 oculos
888 2063 1009 2141 gravat,
1025 2057 1121 2121 allicit
1132 2075 1207 2138 ora,

432 2173 585 2234 mentitur
598 2171 678 2232 facie
691 2170 864 2248 relligionis
876 2187 966 2248 opus.

393 2279 530 2342 Pallidus
544 2280 685 2358 apparet,
699 2279 736 2337 ut
751 2275 882 2354 quilibet
894 2277 981 2336 hunc
992 2272 1177 2336 heremitam

433 2389 490 2449 aut
500 2386 726 2449 anachoretam
737 2381 859 2462 judicet
872 2383 928 2444 aut
937 2383 1149 2458 monachum,

393 2495 499 2557 Talem
511 2510 546 2556 se
555 2491 686 2554 simulat
699 2493 735 2550 ut
749 2489 854 2552 dicere
867 2505 941 2551 vera
954 2491 1097 2567 putetur,

435 2617 509 2663 cum
523 2597 684 2660 dominam
697 2596 796 2674 tallet,
810 2595 888 2656 lalsa
901 2592 1062 2672 loquendo
1076 2609 1155 2672 sua,

396 2705 644 2784 Rhetoricosque
657 2702 722 2766 suis
731 2701 834 2766 verbis
847 2699 1010 2763 miscendo
1024 2700 1164 2777 colores,

436 2830 510 2876 oum
522 2809 650 2874 domina
664 2812 816 2888 tanquam
829 2804 947 2867 lollius
960 2805 1040 2866 alter
1055 2802 1131 2882 agit.

398 2944 414 2978 a
429 2919 460 2983 Si
471 2917 582 2998 juveni
595 2916 698 2979 nubas
710 2930 806 2993 quem
818 2910 932 2974 nobilis
946 2910 1026 2973 ordo
1036 2912 1222 2989 parentum,

435 3042 530 3104 quem
542 3023 639 3085 decus
655 3021 750 3098 atque
764 3018 872 3097 decor,
888 3015 1121 3096 strenuitasque
1133 3014 1240 3096 levet,

396 3129 607 3209 Depopulator
621 3124 681 3187 erit
690 3142 798 3187 rerum
809 3125 943 3186 fortasse
958 3126 1107 3201 tuarum,

436 3233 572 3297 vastabit
582 3231 683 3313 villas,
698 3229 826 3310 praedia
840 3229 1010 3309 destituet,

396 3340 508 3404 Omnia
522 3341 687 3403 consumet
700 3337 835 3402 vivendo
846 3335 1009 3398 luxuriose
1022 3365 1031 3398 ε

437 3463 519 3528 quae
530 3445 626 3509 modo
638 3443 725 3509 dives
739 3460 820 3522 eras,
835 3441 877 3503 ad
887 3443 984 3506 breve
996 3457 1114 3521 pauper
1127 3441 1191 3502 eris
1204 3469 1213 3522 3

394 3555 548 3634 Quodque
560 3554 638 3632 puto
652 3539 789 3631 gravius,
806 3551 836 3610 te
850 3565 1015 3628 spernens,
1031 3546 1085 3609 fiet
1099 3548 1227 3610 adulter
1241 3573 1252 3628 3

433 3661 531 3741 unde,
544 3658 659 3721 timens
670 3655 776 3736 capiti,
789 3672 855 3717 non
869 3654 931 3716 eris
946 3671 1022 3716 ausa
1035 3653 1136 3734 loqui.

396 3773 462 3842 Qua
475 3783 509 3828 re
520 3762 686 3828 consilium
698 3760 855 3840 dominae,
870 3777 922 3822 me
930 3758 1049 3839 judice,
1062 3762 1189 3822 nonest

438 3871 552 3937 nobilis
565 3872 598 3932 et
607 3867 733 3949 juvenis
745 3884 896 3947 quaerere
908 3866 1103 3948 conjugium.

328 4123 356 4164 tn
371 4115 475 4162 Dimittit
485 4114 541 4158 dans
552 4113 579 4156 B.
