2902 4940
694 454 854 512 -lsl-

360 578 417 652 Qui
432 580 520 642 ducit
536 582 705 659 conjugem
720 597 885 642 rancorem
899 579 1016 656 induit,

358 685 457 764 pascit
470 686 646 749 adulteram
660 705 742 767 quae
756 691 801 763 (1)
813 703 848 748 se
861 683 1039 766 prostituit,

357 794 476 873 prolem
489 794 532 868 (2)
546 793 675 856 alterius
688 793 858 856 haeredem
871 792 982 854 statuit

358 898 405 960 vir
417 900 448 978 (l.
464 901 508 974 et)
521 900 621 961 nutrit
635 899 733 962 filium
747 917 842 980 quem
855 900 934 961 alter
949 897 1068 977 genuit.

358 1034 442 1094 Uxor
455 1031 599 1094 adultera
614 1031 743 1096 dimisso
758 1031 895 1112 gremio,

358 1155 423 1200 non
436 1141 480 1214 (3)
492 1141 597 1216 potest
610 1138 700 1217 argui
713 1139 752 1200 de
766 1137 922 1201 adulterio
936 1165 943 1197 ι

357 1245 394 1303 ut
407 1241 496 1305 navis
510 1241 666 1306 transiens
680 1243 713 1305 in
727 1243 806 1306 mari
820 1240 925 1305 medio

357 1366 422 1411 non
436 1349 714 1428 comprehenditur
727 1350 792 1412 ullo
808 1349 951 1429 vestigio.

358 1479 413 1542 Hie
427 1480 518 1543 dolor
533 1480 691 1543 maximus
706 1484 753 1544 est
767 1485 799 1544 et
812 1481 1030 1562 opprobrium,

359 1590 530 1666 conceptus
542 1589 585 1664 (l)
598 1586 681 1651 filius
694 1605 750 1667 per
761 1588 970 1668 adulterium3

358 1709 453 1772 quem
466 1710 550 1756 uxor
562 1693 687 1774 propria
701 1695 761 1757 seit
774 1713 842 1760 esse
856 1697 997 1777 spurium
1010 1744 1018 1775 ,

359 1799 491 1864 maritus
505 1802 612 1865 fatuus
624 1803 759 1882 appellat
773 1803 882 1866 filium.

359 1938 445 1998 Uxor
458 1936 602 1998 adultera
614 1954 648 1998 se
661 1937 769 2000 multis
782 1938 909 2016 copulat

361 2045 393 2102 et
406 2041 611 2104 nihilominus
624 2059 658 2104 se
672 2046 792 2105 castam
803 2043 931 2105 simulat
943 2049 1003 2124 (5),

362 2149 394 2207 et
404 2148 434 2222 (l.
451 2147 494 2224 at)
507 2147 555 2208 vir
568 2146 709 2226 quotidie
722 2146 870 2210 laborans
884 2149 992 2211 exulat

362 2255 394 2314 et
406 2252 506 2334 pascit
519 2252 667 2316 feminam
680 2270 776 2333 quam
790 2254 869 2315 alter
881 2255 1018 2318 baculat.

362 2388 445 2446 llaec
458 2389 506 2446 est
519 2383 668 2464 iniqnitas
682 2383 784 2447 omnis
798 2385 959 2449 adulterae

362 2504 444 2568 quae
458 2487 560 2551 virum
578 2488 739 2569 proprium
752 2491 846 2553 vellet
860 2509 926 2554 non
940 2492 1062 2573 vivere,

363 2595 400 2655 ut
410 2593 463 2655 det
477 2593 621 2657 adultere
637 2611 702 2658 non
716 2599 818 2658 cessat
831 2615 960 2680 rapere3

364 2699 494 2762 desistat
505 2699 602 2780 igitur
613 2702 716 2764 clerus
730 2721 815 2766 nune
828 2706 948 2768 nubere
961 2704 1003 2784 (6)
1016 2704 1024 2766 Ζ

363 2838 398 2896 lu
412 2832 605 2914 adjutorium
620 2835 662 2913 (7)
675 2836 758 2898 laeta
771 2838 819 2898 est
832 2837 965 2918 semina,

365 2941 400 3001 ut
412 2940 511 3003 salvet
525 2939 674 3020 germinis
686 2941 727 3020 (8)
740 2941 870 3005 humani
882 2941 1000 3006 semina
1013 2969 1021 3023 3

364 3045 396 3108 in
409 3046 531 3109 eunctis
545 3046 613 3108 aliis
627 3050 675 3108 est
687 3047 745 3110 viri
757 3050 790 3122 (l.
806 3047 885 3124 viro)
897 3049 1037 3130 sarcina,

364 3154 396 3213 et
409 3154 516 3214 tamen
529 3153 648 3215 domini
662 3154 731 3216 vult
741 3171 811 3217 esse
825 3154 963 3218 domina.

363 3282 479 3342 Natura
492 3281 533 3358 (9)
544 3281 657 3342 mulier
670 3286 719 3345 est
731 3282 910 3365 irascibilis,

364 3385 460 3446 fallax
474 3388 506 3446 et
518 3384 624 3448 invida
638 3389 670 3449 et
682 3405 847 3468 nunquam
860 3387 986 3451 humilis
998 3416 1007 3469 3

363 3490 496 3553 maritus
510 3492 612 3554 faetus
626 3495 674 3555 est
688 3495 785 3557 asello
799 3493 920 3575 similis,

364 3597 417 3676 qui
430 3600 479 3661 est
491 3598 532 3660 ad
545 3617 642 3662 onera
655 3617 778 3680 semper
788 3601 951 3681 passibilis.

253 3770 283 3813 (l)
297 3767 350 3823 Qui.
865 3780 960 3812 lohannes
969 3781 1083 3834 aequitania
1092 3787 1164 3834 quoles!
1173 3787 1235 3824 gratia
1245 3809 1250 3826 ‚

256 3842 285 3886 (ᾖ)
300 3837 402 3881 rar-rum.
864 3824 1180 3909 lffllulllllllltltlllll‚

253 3907 283 3952 (5)
297 3905 350 3951 vix.
864 3918 882 3946 el
890 3914 917 3946 ita
925 3913 1008 3953 disputat
1016 3921 1070 3954 super
1078 3915 1173 3955 conjugia.

254 3979 283 4023 tl)
297 3978 427 4034 Susceptus.
826 3985 855 4027 (7)
870 3978 995 4034 adjutorio.

252 4043 282 4091 (5)
293 4056 312 4086 et
320 4062 362 4086 eum
371 4053 459 4086 adulteris
469 4064 488 4088 se
500 4058 556 4088 lotam
567 4058 653 4090 maculat.
826 4055 855 4096 (8)
869 4049 970 4094 Generis.

252 4116 282 4162 (6)
296 4111 371 4156 Golias
384 4112 477 4157 nubere.
495 4112 530 4156 On
545 4113 569 4156 lu
582 4115 683 4159 ensuite:
825 4121 855 4166 (9)
868 4120 926 4164 Nam
937 4120 1018 4165 omnis.
