2892 4940
553 512 715 564 —115-

355 636 440 696 totus
453 632 592 695 mundus
604 633 691 695 cordi
705 633 812 695 sordet

355 741 387 801 et
401 755 456 800 cor
469 740 573 800 lotum
586 755 621 799 se
631 739 800 801 remordet.

354 892 432 953 Cum
444 891 571 954 revolvo
586 892 693 951 mente
706 908 786 969 pura

355 1011 451 1074 quam
464 993 506 1055 sit
518 1010 597 1056 vana
612 993 722 1055 muno·
737 1011 831 1072 eura,

356 1102 393 1160 ul
405 1115 495 1160 mens
507 1097 607 1176 possit
617 1114 651 1160 se
664 1115 794 1178 curare⁷

357 1221 465 1265 curem
479 1203 589 1265 mundi
602 1205 671 1267 vult
683 1204 793 1265 vilere.

357 1359 435 1420 Cum
447 1358 576 1421 revolvo
586 1374 665 1436 pure
677 1360 784 1418 mente

358 1463 443 1525 cadit
454 1439 594 1525 muodus
607 1481 704 1543 quam
716 1465 861 1542 repente,

357 1585 398 1629 ne
412 1585 502 1630 mens
516 1567 696 1630 cadaloum
711 1566 865 1647 cadente,

357 1670 512 1731 mundum
527 1666 609 1747 sugit
621 1684 712 1730 mens
725 1670 828 1729 allent
850 1715 856 1726 .

361 1822 439 1883 Cum
452 1820 580 1882 revolvo
593 1823 700 1881 mente
713 1837 791 1882 sena

323 1919 325 1926 ⁴
358 1942 454 2005 quam
468 1921 896 2006 sitstultaspesmundana,

359 2046 377 2089 a
391 2045 446 2108 spe
460 2030 599 2089 mentem
611 2028 651 2089 ad
665 2044 753 2108 spem
767 2032 856 2092 verto

358 2137 391 2196 et
403 2151 491 2213 spem
503 2131 613 2194 mundi
628 2149 683 2212 spe
696 2134 856 2196 subverto.

357 2282 434 2343 Cum
448 2279 576 2342 revolvo
590 2279 701 2342 mundi
713 2297 790 2342 eura

358 2401 454 2463 quam
468 2382 509 2444 sit
521 2400 635 2463 prava,
649 2381 801 2461 quamsit
815 2383 913 2456 dure,

358 2488 473 2554 mentis
486 2504 558 2550 reor
571 2504 641 2549 esse
655 2487 755 2549 durae
770 2489 813 2562 (l)

358 2593 412 2672 qui
427 2593 486 2654 sub
501 2591 611 2653 mundi
625 2590 703 2655 vivit
713 2595 796 2672 jure.

359 2745 438 2804 Cum
450 2740 579 2803 revolvo
592 2740 703 2802 mundi
716 2742 842 2804 laudem

360 2848 393 2905 et
405 2845 587 2907 mundanae
600 2843 703 2906 laudis
717 2846 877 2923 fraudem,

360 2949 431 3010 laus
443 2950 476 3010 et
486 2949 574 3009 fraus
587 2948 619 3010 in
634 2948 739 3011 cordis
753 2965 808 3010 ore

361 3052 445 3115 idem
460 3056 576 3114 sonent
589 3071 654 3116 uno
666 3070 766 3117 more.

359 3209 439 3270 Cum
450 3205 578 3267 revolvo
592 3204 703 3266 mundi
718 3207 840 3269 fructus

361 3313 395 3372 et
405 3308 549 3388 ejvsdem
562 3325 661 3387 penso
675 3311 798 3394 luctus,

361 3413 407 3475 sio
420 3417 469 3475 est
481 3410 559 3474 mihi
572 3413 694 3474 fruetus
708 3412 777 3491 ejus

363 3520 400 3577 ul
413 3517 454 3578 sit
468 3517 573 3579 luctus
588 3517 677 3594 pejor
687 3517 804 3578 nullus.

363 3667 441 3726 Cum
455 3663 583 3728 revolvo
596 3661 706 3723 mundi
721 3663 831 3723 llorem

364 3772 504 3847 olquam
517 3768 612 3828 habet
626 3767 685 3827 llos
697 3764 854 3847 dolorem,
913 3783 916 3794 ⁴

365 3874 474 3958 tentos
486 3871 577 3933 dolor
590 3873 639 3931 est
654 3868 687 3931 in
702 3870 794 3949 llore,

366 3987 476 4047 utnon
489 3982 530 4045 sit
543 3982 601 4044 llos
614 3983 645 4045 ln
659 3983 777 4044 dolore.
