2892 4940
704 495 869 549 -166-

288 700 290 703 v
331 633 405 678 narn
417 614 519 679 navali
533 612 651 694 praelio
662 615 790 695 quidam
804 615 984 696 perierunt,

331 721 504 801 etquidem
518 721 551 783 in
564 734 690 784 carcere
703 721 824 784 obtrusi
838 723 978 783 ulerunt.

332 870 431 933 Credo
443 869 529 948 quod
541 865 709 949 Gregorius
719 870 773 950 qui
786 865 890 933 dictus
903 873 952 932 est
964 883 1085 951 nonus,

330 976 392 1039 luit
403 975 594 1055 apostolicus
605 975 664 1056 vir,
678 978 809 1038 sanctus
819 978 853 1038 et
864 977 984 1056 honus3

330 1080 387 1142 scd
396 1097 452 1160 per
465 1080 576 1143 mundi
590 1080 716 1144 climata
729 1079 840 1160 strepit
851 1084 922 1161 ejus
937 1095 1051 1161 sonus,

330 1187 416 1267 quod
426 1187 467 1249 ad
481 1201 611 1266 guerras
622 1185 725 1249 luerat
735 1201 859 1266 semper
871 1185 965 1249 nimis
975 1199 1105 1266 pronus.

307 1357 309 1362 ’
331 1337 387 1400 llic
399 1336 438 1399 de
452 1337 518 1400 suis
530 1336 647 1398 finibus
659 1336 765 1416 coegit
777 1335 867 1398 exire

332 1443 494 1524 antiquam
507 1441 710 1506 concordiam
723 1445 757 1504 et
768 1442 843 1505 lecit
855 1443 942 1506 abire
955 1469 964 1524 3

332 1552 415 1611 ultra
425 1550 458 1628 (l.
470 1549 553 1612 intra
561 1549 584 1626 l)
595 1547 706 1610 mundi
718 1548 832 1612 limites
845 1565 904 1612 nee
917 1549 1023 1629 potest
1036 1550 1107 1630 quis
1120 1549 1203 1613 scire

332 1653 386 1717 uhi
398 1671 484 1716 nunc
494 1656 693 1734 permaneat,
708 1654 758 1717 vel
771 1654 884 1716 saltem
896 1653 1016 1717 audire.

331 1801 384 1865 Vir
396 1807 525 1867 sanctus
537 1804 583 1866 sic
592 1805 731 1884 lecerat,
746 1819 821 1866 narn
833 1793 1083 1884 praedicatores,

331 1929 412 1992 quos
423 1911 570 1974 deberem
583 1911 687 1973 dicere
697 1910 981 1991 praevaricatores,

332 2034 441 2080 seeum
454 2035 576 2097 semper
590 2016 702 2078 habuit
712 2019 745 2079 et
755 2018 879 2079 Fratres
890 2016 1046 2098 minoreS,

333 2123 388 2202 qui
401 2140 495 2184 suurn
505 2123 722 2202 perverterant
734 2136 863 2185 sensum
876 2127 973 2204 utque
985 2138 1102 2187 mores.

333 2272 364 2336 Si
378 2277 461 2351 Papa
475 2289 540 2335 non
552 2271 695 2334 erederet
705 2269 783 2334 istos
796 2273 1012 2354 detractores,

334 2378 453 2440 amicos
469 2377 644 2441 discordiae
657 2381 690 2440 et
701 2377 929 2460 seminatores,

335 2486 507 2562 Imperator
519 2483 615 2545 hodie
627 2483 710 2546 inter
723 2485 882 2546 amatores

334 2589 446 2652 luisset
458 2588 614 2652 Ecclesiae
626 2581 722 2668 atque
735 2588 928 2652 delensores.

333 2739 387 2812 lsti
400 2739 426 2802 si
436 2737 622 2819 pontificum
635 2751 701 2802 non
713 2738 778 2802 siut
790 2740 963 2818 electores,

334 2844 441 2908 statim
452 2843 635 2923 eligentium
647 2847 724 2907 sunt
735 2846 978 2923 reprehensores

334 2955 367 3014 et
379 2953 497 3014 electos
509 2948 696 3031 reprobunt,
711 2950 855 3031 mrumvis
868 2950 1045 3014 sanctiores

334 3059 409 3139 ipsis
422 3058 502 3139 sint,
516 3061 549 3120 et
561 3057 660 3120 literis
672 3057 905 3120 eminentiores.

335 3207 502 3287 Advocati,
517 3205 630 3269 medici
642 3209 675 3268 ct
686 3209 925 3286 procuratores,

335 3314 457 3374 tutores
470 3313 503 3372 et
512 3308 636 3389 jndices
647 3312 723 3371 sunt
733 3311 767 3368 et
776 3310 959 3388 curatores,

332 3413 503 3480 voluntatis
516 3412 645 3475 ultimae
654 3415 731 3475 sunt
740 3411 956 3492 ordinatores,

332 3514 658 3598 fidc[m]oomnusssrii
669 3521 713 3593 (l)
724 3521 759 3580 et
769 3520 970 3580 executores.

333 3673 524 3736 cunctorum
535 3670 757 3732 conuacurum
770 3670 845 3730 sunt
857 3667 1068 3749 mediatores,

334 3777 514 3840 defensores
527 3773 693 3838 omninum
710 3777 743 3837 et
758 3773 958 3856 palliatores,

263 4017 291 4072 (1)
311 4015 343 4060 La
364 4013 463 4060 movele
476 4012 558 4058 edition
571 4009 641 4057 dedu
656 4009 731 4068 Gange
745 4023 775 4056 uc
810 4009 966 4070 Fidesraper,
979 4011 1291 4070 Furtumnlltdejutrtc,
1309 4013 1350 4060 Fl-
1405 4029 1408 4038 ·

236 4079 280 4122 cite
292 4090 336 4134 que
345 4073 588 4125 Fidcicommtrsors'i:
599 4073 656 4118 mals
664 4073 775 4128 plusieurs
810 4073 966 4122 dementatis.

236 4145 312 4184 autres
333 4139 419 4184 derives
442 4142 492 4184 sont
513 4137 594 4181 tarmes
616 4136 643 4179 de
663 4133 756 4179 l’ablatll
767 4147 777 4178 :¹
