2914 4944
581 468 744 526 -409-

244 591 437 654 eredendum
450 591 556 671 potius
564 592 652 673 quod
662 592 720 656 sibi
728 595 800 673 jure
813 593 935 672 petunt.

206 699 292 758 Tunc
305 694 433 776 quidam
444 699 578 777 juvenes
590 696 711 778 ingenti
725 695 839 777 corde,
853 695 977 760 lacertis

246 801 379 864 fortibus
392 801 538 866 instructi
552 802 671 883 spicula
686 801 838 882 dirigere,

206 907 318 970 lluniri
331 907 466 990 clupeiS,
480 908 575 971 etiam
591 908 741 988 fugiendo
756 907 881 986 sagittis

246 1014 353 1077 hostes
366 1016 553 1078 Parthorum
566 1033 655 1079 more
668 1015 761 1078 ferire
775 1031 869 1094 suos,

207 1120 257 1184 Sic
268 1119 358 1183 aiunt
369 1122 523 1186 llaelromi
536 1150 543 1185 ε
557 1146 573 1182 u
588 1122 617 1186 si
630 1123 675 1186 sic
688 1122 874 1187 dimittimus
887 1121 949 1186 ista

246 1243 328 1306 quae
340 1229 488 1306 repetunt
500 1233 624 1309 Persae,
640 1229 750 1292 tollere
759 1230 874 1291 cuncta
885 1228 992 1293 valent
1007 1255 1014 1288 ι

207 1336 300 1414 llam,
314 1334 401 1398 velut
412 1332 555 1398 infirmos
566 1353 626 1399 nos
640 1339 673 1398 et
683 1333 815 1415 pavidos
828 1335 1029 1413 reputantes,

247 1457 266 1500 a
279 1437 412 1502 modicis
422 1440 554 1504 tendent
567 1441 608 1504 ad
620 1441 744 1522 potiora
756 1457 905 1520 manum,

127 1526 130 1532 ’
207 1546 380 1626 Nostraque
390 1545 518 1609 libertas
531 1547 651 1628 periet,
666 1547 712 1609 sic
726 1549 834 1610 nostra
847 1547 1023 1610 manebunt

246 1649 330 1728 regis
343 1656 509 1713 Persarum
522 1651 649 1714 subdita
663 1652 744 1716 colla
754 1654 834 1732 jugo
847 1678 855 1732 3

206 1756 266 1818 Sed
281 1759 363 1819 Deus
377 1759 499 1822 avertat
511 1761 548 1820 ut
560 1757 622 1823 vivi
636 1757 682 1821 sic
695 1775 879 1839 pereamus,

246 1863 279 1922 et
290 1865 418 1925 nostrae
432 1863 535 1942 gentis
548 1867 590 1939 (l)
604 1863 691 1928 vivat
701 1865 742 1926 ad
756 1862 976 1944 opprobrium!

206 1970 284 2029 Nam
297 1984 356 2029 our
367 1954 530 2048 portamus
543 1972 723 2052 pharetras,
739 1988 797 2033 cur
817 1971 878 2033 tela
892 1973 1055 2049 tenemus,

247 2090 304 2135 eur
317 2075 454 2155 tegimur
467 2076 604 2158 clypeis,
618 2077 738 2156 spicula
752 2095 810 2140 cur
826 2077 984 2157 gerimus,

207 2178 237 2242 si
251 2179 296 2244 sic
306 2199 441 2264 uxores,
456 2183 482 2246 si
496 2182 542 2246 sie
553 2182 622 2247 sine
635 2183 791 2264 sanguine
802 2187 919 2265 terras,

245 2287 272 2349 si
285 2287 331 2350 sio
343 2289 470 2353 servitio
483 2289 616 2370 pignora
631 2290 748 2371 caram)
761 2291 894 2354 damus?

206 2398 265 2454 Per
278 2394 399 2471 gladios
412 2395 563 2475 veniant,
577 2395 620 2457 sit
633 2395 678 2457 eis
691 2394 827 2458 transire
838 2413 894 2476 per
907 2396 1034 2473 hastas,

247 2513 333 2558 mors
346 2501 474 2576 gentem
487 2503 629 2561 nostram
642 2499 768 2564 vincere
784 2502 851 2564 sola
865 2502 991 2581 potest:

210 2600 240 2665 si
253 2601 337 2666 vinei
347 2604 455 2664 tamen
468 2604 517 2665 est
529 2602 583 2665 uhi
596 2621 662 2668 non
673 2605 798 2668 animus
809 2607 994 2687 superatur,

250 2706 307 2770 sed
317 2724 392 2770 caro
405 2709 472 2770 sola
479 2709 582 2791 Jacet,
595 2709 672 2772 dum
686 2712 782 2789 caput
795 2725 871 2772 ense
884 2711 970 2774 cadit
982 2713 1035 2792 (3).
1053 2735 1068 2770 o

210 2816 326 2876 Omnes
339 2813 521 2876 collaudant
531 2813 667 2895 dictum,
682 2814 939 2898 Machomemque
949 2820 1123 2898 precantur

251 2921 410 2982 utcontra
424 2924 535 2982 Persas
549 2919 615 2982 dux
628 2919 670 2982 sit
683 2922 715 2982 et
725 2923 838 2983 auctor
847 2920 903 2983 eis.

211 3025 347 3106 opponit
358 3026 535 3091 llachomes
548 3026 661 3090 aetatis
675 3030 817 3107 tempora
829 3027 944 3108 longa,

234 3119 236 3124 ’
250 3131 334 3196 vires
345 3135 547 3212 consumptas
559 3151 690 3213 corporo
700 3135 768 3213 Jam
782 3135 907 3214 vetulo,

213 3242 250 3302 Se
262 3240 345 3302 bello
357 3239 518 3303 modicum
530 3241 580 3305 vel
593 3242 716 3304 nullum
731 3241 812 3302 serre
820 3243 989 3322 juvamen,

251 3344 329 3424 quin
341 3343 443 3424 magis
455 3348 492 3407 ut
505 3345 610 3410 senior
621 3345 688 3427 ipse
697 3346 858 3426 juvandus
871 3346 941 3409 erit.

211 3454 375 3514 Praeterea
392 3451 471 3515 coeli
482 3452 607 3517 dicebat
617 3455 728 3516 abesse
741 3456 897 3533 favorem,

252 3574 316 3637 quo
328 3555 397 3620 sine
406 3557 451 3621 nil
463 3556 560 3640 vires,
573 3558 617 3621 nil
630 3559 714 3625 valet
726 3575 777 3622 ars
791 3558 966 3622 hominum.

211 3666 272 3726 llas
284 3664 412 3744 propter
424 3679 536 3727 causas
547 3663 623 3727 dicit
636 3681 670 3726 se
683 3664 764 3726 bella
779 3679 907 3743 cavere,

250 3788 291 3834 ne
301 3770 415 3853 quibus
428 3789 497 3836 esse
509 3770 585 3836 velit
597 3770 694 3852 utilis,
710 3769 762 3834 hio
775 3771 899 3834 noceat.

77 4035 78 4040 ,
142 3986 172 4042 tl)
187 3983 258 4028 Genti
271 3983 326 4029 dans
336 3985 369 4039 A;
384 3995 470 4030 covers
485 3989 520 4030 est
533 3983 589 4028 ainsi
598 3994 652 4028 eor·
714 3983 742 4037 (a)
755 3981 840 4028 Nostro
850 3982 905 4028 dans
918 3983 944 4026 Β.

116 4059 195 4104 remon
204 4045 260 4090 dans
268 4046 300 4090 les
309 4046 368 4091 doux
381 4057 439 4101 ms.‚
452 4047 569 4104 peut-tlte
579 4043 652 4091 lant-ll
714 4046 744 4102 (5)
758 4045 820 4090 Dum
830 4045 895 4090 cadit
906 4055 958 4090 core
970 4047 1043 4102 capul
1055 4043 1111 4090 dans
1121 4044 1159 4092 A:

118 4109 160 4154 lire
173 4111 215 4152 out
227 4119 311 4152 mmen
324 4107 408 4163 oeulis.
