2892 4940
572 477 736 531 *119-

371 603 459 662 Tuno
472 616 544 678 spes
558 599 661 661 omnis
672 596 812 660 interibit

372 709 405 768 et
419 723 504 784 oras,
522 721 592 767 ores
601 719 732 784 prorsus
746 701 861 781 obibit5

246 853 249 860 -
372 810 414 872 ad
426 811 584 871 tormenta
596 806 738 888 quisquis
752 806 825 886 init,

369 915 437 992 jorn
449 929 514 974 non
528 911 662 990 emplius
676 908 785 972 exibit.

374 1061 418 1123 lbi
436 1061 569 1123 llannnis
583 1065 736 1124 exuretur

374 1169 408 1228 et
421 1185 439 1228 a
450 1165 608 1228 vermibus
619 1165 771 1246 rodetur3

376 1270 416 1332 ab
430 1269 585 1349 angustiis
596 1273 733 1349 angetur

372 1374 426 1454 qui
440 1375 554 1437 salvari
568 1392 634 1438 non
645 1378 795 1438 meretur.

368 1526 458 1607 Othtl
474 1545 569 1608 quern
581 1525 667 1607 impii
679 1530 816 1590 tortores

370 1637 448 1694 tuno
462 1631 656 1711 torquebunt
667 1635 862 1713 peccatores

372 1738 405 1796 et
417 1734 572 1796 terribiles
586 1735 706 1796 ultores

368 1837 560 1916 judicabunt
570 1853 685 1916 pravos
698 1837 823 1899 mores!

372 1991 452 2053 Proh
468 1989 577 2051 dolor!
594 1991 671 2051 tunc
682 1987 823 2052 misereri

373 2098 406 2156 et
419 2093 581 2157 doloribus
596 2092 714 2155 mederi

372 2200 478 2262 nullus
491 2197 608 2278 poterit
619 2197 733 2259 mereri

372 2307 541 2384 postquem
551 2301 692 2382 eoeperit
702 2300 854 2381 torqueri.

372 2458 418 2518 nb
431 2458 508 2538 hec,
524 2461 555 2518 te
568 2473 693 2537 precor,
708 2459 832 2519 tortura

373 2564 406 2623 et
423 2561 463 2622 ab
476 2561 616 2623 hostiurn
629 2579 775 2641 pressure

373 2665 471 2727 libera
483 2679 551 2744 me,
563 2669 631 2726 Rex
643 2667 823 2744 coelorum,

373 2767 407 2829 in
420 2766 546 2829 saecule
558 2767 769 2828 saeculorum.

374 2921 452 2980 Cum
465 2919 594 2980 revolvo
609 2917 776 2997 diligenter

375 3021 452 3102 quid
463 3024 535 3102 post
548 3025 683 3083 mortem
697 3021 737 3083 sit
748 3023 917 3101 sequenter
927 3024 950 3100 (l
958 3020 984 3100 );

375 3127 507 3189 stabunt
518 3124 596 3204 justi
611 3123 809 3187 confidenter
821 3151 829 3184 ι

371 3233 439 3310 jem
451 3231 591 3293 delector
603 3229 809 3292 incessanter.

377 3385 612 3466 Appropinquat
622 3384 708 3448 enirn
721 3384 789 3447 dies

374 3487 407 3550 in
422 3506 482 3567 que
494 3487 590 3568 justis
602 3487 663 3548 erit
675 3486 781 3568 quies,

373 3612 435 3675 qna
448 3595 618 3657 cessabunt
630 3596 856 3672 persequentes

374 3703 407 3761 et
419 3702 599 3778 regnabunt
612 3697 778 3778 patientes.

375 3847 445 3910 Dies
457 3847 525 3927 ille,
541 3848 609 3910 dies
619 3846 721 3927 vitae,

375 3952 442 4014 dies
454 3950 534 4013 lueis
548 3951 726 4031 inanditae,

137 4159 163 4214 tl)
176 4159 234 4205 Tont
245 4158 272 4202 tle
281 4156 349 4212 soit03
364 4165 432 4212 voyez
443 4157 472 4200 (lu
481 4154 564 4210 Gange,
574 4158 589 4197 ι.
600 4151 641 4206 Vl,
657 4166 677 4208 p.
693 4157 738 4201 tel,
754 4150 797 4194 ool.
810 4154 831 4192 e.
