2908 4942
717 460 879 515 ..ρεθ-

533 578 593 642 Sed
605 578 702 641 ludas
715 593 754 642 eo
767 578 890 659 melior,

532 702 598 766 quo
610 683 702 748 nohis
713 685 926 764 necessarior3

535 789 612 852 dum
625 787 781 852 christum
794 788 888 853 morti
903 787 1051 871 tradidit,

536 891 628 955 nobis
638 891 790 972 ignorans
802 892 931 974 profuit.

538 1025 599 1089 Sed
612 1024 664 1088 trio
676 1027 834 1089 malorum
846 1025 1002 1106 pessimus

539 1134 572 1194 et
583 1132 664 1194 latro
677 1130 920 1196 nocentissimus

539 1235 634 1300 nullis
643 1238 787 1316 iuvando
801 1236 957 1318 consulit,

440 1333 444 1343 ’
541 1344 597 1406 sed
611 1343 727 1406 damna
740 1344 847 1407 multis
857 1343 983 1425 intulit3

541 1476 718 1541 commovit
733 1480 853 1542 statum
868 1475 1007 1558 saeculi,

543 1583 682 1648 turbavit
694 1602 806 1664 paoem
819 1584 948 1666 populi,

543 1688 581 1752 fit
598 1707 695 1753 causa
711 1708 839 1772 pugnae
850 1690 1028 1773 principum

544 1799 713 1878 certusque
727 1797 825 1861 sudor
835 1797 982 1861 militnm.

544 1933 690 2010 Regnum
700 1947 795 2010 super
805 1947 940 2011 regnum
948 1929 1030 2008 ruit,

546 2037 579 2096 et
591 2035 654 2098 hoc
666 2036 786 2098 malurn
797 2037 913 2116 vulgus
925 2034 1003 2115 luit3

545 2137 634 2218 quod
645 2139 794 2220 plectitur
806 2140 860 2203 hio
874 2142 1015 2222 populus

548 2247 706 2308 asseverat
718 2243 925 2325 philosophus
938 2245 990 2324 (1).

548 2375 611 2435 Vae
621 2373 742 2436 mundo
756 2390 843 2437 nunc
854 2391 872 2435 a
885 2374 1063 2454 scandalis,

548 2495 608 2541 vae
620 2495 795 2559 pauperum
808 2477 960 2558 piaculis!

548 2584 704 2666 Quidquid
714 2587 781 2665 jam
790 2585 912 2666 plangit
922 2584 1021 2648 Dania

548 2692 632 2754 laeta
647 2691 765 2772 gaudet
778 2693 926 2756 saxonia.

517 2861 522 2868 -
549 2825 654 2888 Eheu!
668 2826 750 2889 eheu
764 2826 914 2907 pertidia!

551 2933 640 2995 Eheu
653 2934 744 2997 votus
758 2930 896 2996 invidia!

553 3037 644 3112 Quod
655 3037 710 3101 diu
724 3038 806 3100 olam
820 3035 963 3116 delituit,

554 3142 684 3205 nuncin
697 3143 802 3224 palam
814 3142 969 3223 apparuit.

555 3274 657 3338 Eheu!
673 3291 765 3354 reges
778 3278 844 3338 tam
856 3275 999 3356 nobiles,

555 3381 615 3445 toti
627 3380 748 3444 mundo
761 3380 966 3462 spectabiles,

555 3491 664 3569 raptos
676 3487 767 3568 regni
780 3487 921 3569 fastigio,

557 3597 646 3658 actos
658 3593 771 3657 tlemus
783 3593 896 3659 exilio!

557 3725 660 3789 Eheu!
681 3727 860 3806 praeclaros
872 3741 1037 3807 proceres,

558 3831 674 3913 insigni
687 3834 771 3897 foma
785 3835 939 3916 celebres,

292 4043 323 4103 (l)
335 4044 378 4090 los
388 4045 447 4089 deux
464 4041 560 4088 odronto
572 4045 612 4086 ont
627 4041 701 4098 alonte
715 4041 735 4086 lo
748 4053 801 4087 vars
858 4044 952 4088 Qudquid
962 4043 1043 4079 nunno
1051 4051 1113 4086 ωσι,
1123 4043 1232 4084 plutum
1240 4039 1311 4076 Achivi·

264 4105 387 4163 d'llcraoe,
401 4105 483 4162 auquel
491 4105 512 4151 le
522 4107 587 4162 petto
601 4102 640 4149 luit
653 4103 745 4150 allusion
757 4114 764 4146 ε
971 4100 1100 4160 Epirotae,
1111 4100 1126 4146 Ι.
1138 4113 1160 4156 ι,
1171 4101 1205 4158 op
1215 4111 1247 4154 ιι,
1257 4110 1280 4144 ν.
1292 4099 1322 4140 ll.
