2902 4940
575 442 735 496 -269—

391 567 520 631 Moritur
531 583 588 646 pro
599 568 737 649 iustitia⁷

389 691 556 754 perquem
573 675 739 737 constabat
757 675 866 753 patria.

389 814 466 872 Cum
480 812 563 872 esset
576 808 608 872 in
617 810 765 889 ecelesia,

327 949 329 952 ·
389 917 529 979 intentus
542 916 574 978 in
588 917 782 996 psalmodia,

388 1039 482 1085 orans
493 1026 592 1086 Deum
604 1027 711 1086 mente
721 1022 772 1103 pia
785 1072 793 1104 ‚

291 1135 295 1144 '
388 1129 514 1192 emersit
526 1131 641 1193 cohors
654 1128 759 1209 impia.

385 1267 457 1328 Mox
471 1268 644 1328 exeruntur
658 1262 753 1344 gladii
765 1290 773 1342 3

381 1371 530 1450 Jugulant
542 1372 664 1449 patrem
673 1369 727 1432 lilii
738 1397 745 1450 3

383 1476 581 1556 perimuntur
592 1476 713 1540 innoxii

385 1600 448 1644 una
461 1587 599 1663 quatuor
613 1582 678 1644 filii.

382 1720 564 1797 Junguntur
577 1733 684 1779 amore
693 1718 744 1795 pio
757 1768 765 1799 ,

384 1823 495 1885 mortis
510 1823 626 1894 dantur
635 1822 732 1885 exitio
749 1851 755 1883 ι

383 1946 494 1991 eorum
507 1927 680 1991 internecio

384 2035 420 2098 fit
432 2035 596 2098 Flandriae
609 2035 763 2098 contusio.

383 2169 437 2232 Hic
449 2188 522 2232 curn
537 2171 661 2232 duobus
673 2167 745 2232 sniis

382 2280 472 2355 pater
483 2281 650 2340 truncatur
664 2275 776 2356 gladiis
789 2306 796 2355 3

325 2403 326 2406 ¹
380 2385 452 2465 qui,
468 2384 548 2445 eruti
562 2385 602 2446 ab
615 2381 735 2462 impiis,

382 2490 460 2553 coeli
477 2491 626 2552 fruuntur
639 2488 771 2567 gaudiis.

352 2683 354 2690 .
382 2626 453 2684 Mox
471 2620 604 2681 istorum
618 2619 782 2698 cognati0,

382 2725 576 2806 compatiens
590 2724 704 2804 exitio,

383 2834 489 2912 luget,
507 2829 604 2912 gemit
615 2830 710 2892 eorde
724 2826 791 2908 pio,

381 2941 418 3000 ut
431 2937 530 3016 exigit
540 2933 689 2998 conditio.

381 3074 487 3134 Cesset
501 3070 615 3133 amodo
627 3069 729 3146 luere,
789 3077 794 3082 ·

380 3179 507 3241 studeat
520 3192 629 3257 preces
643 3173 795 3252 fundere3

381 3288 507 3350 constat
520 3282 641 3346 animas
651 3295 802 3360 quaerere

351 3419 353 3422 ·
378 3391 480 3472 J'uvari
495 3406 623 3470 precum
639 3401 779 3450 munere.

381 3533 433 3596 Pia
446 3530 498 3596 Dei
512 3527 694 3608 elementia,

381 3655 489 3701 caesos
500 3651 557 3715 pro
571 3639 626 3697 tua
640 3631 741 3714 gratia

380 3747 515 3807 transfer
526 3742 567 3804 ad
581 3740 659 3803 coeli
675 3737 805 3820 gaudia,

379 3855 414 3912 nt
427 3855 530 3924 tecum
547 3848 610 3911 sint
623 3847 655 3910 in
668 3842 777 3926 gloria.
795 3849 902 3908 nmen.
