2908 4942
559 549 715 604 -aat-

182 677 266 751 Ergo
281 671 372 736 nous
383 671 542 750 quaedam
552 672 657 752 planet
669 674 958 738 madaurensibus
971 675 1083 756 edam,

183 781 271 852 Quae
286 777 409 840 ducant
421 776 514 840 mutii
526 777 679 843 nouimtis
691 781 858 842 stemmate
871 781 966 862 culti,

86 1003 169 1048 Pilatus
178 1003 256 1058 itaque
267 1001 377 1048 accarito
388 999 478 1057 lodoici
487 1001 523 1047 -att
531 1000 622 1050 :fruto
656 1001 728 1054 aiant,
739 1002 848 1054 omniurn,
860 1011 969 1060 quaepro
980 1003 1067 1050 dirtstn
1078 1002 1197 1056 dabantur,

85 1064 169 1109 illorum
192 1063 305 1109 iruutuum
329 1069 408 1120 captus
431 1075 480 1107 sum
500 1062 620 1116 desiderio,
656 1064 766 1108 decimam
790 1069 876 1120 partem
899 1061 1028 1119 iurabatur,¹
1046 1068 1069 1109 et
1089 1062 1137 1110 ideo
1154 1074 1195 1117 nro

83 1127 153 1181 quud,
175 1125 193 1170 si
220 1125 255 1168 his
276 1125 397 1169 frustratus
420 1123 621 1181 incrassatum
653 1124 742 1169 decima
756 1132 908 1182 partaquam
922 1126 1196 1182 inunguantaamiserat,

84 1186 198 1232 exhalatio.
215 1187 321 1232 concitus
334 1186 516 1244 igiurrludasin
530 1198 622 1242 muroe-
655 1186 740 1233 seilicet
762 1200 803 1244 pro
826 1188 917 1244 uiginta
939 1188 1049 1240 dennis,
1064 1187 1196 1233 ,nominum

83 1247 140 1292 rium
152 1248 228 1292 insiliit
239 1255 262 1292 et
272 1248 369 1293 velocius
383 1241 442 1291 mala
452 1241 535 1304 ‘carpit
552 1246 620 1291 inte·
655 1242 759 1291 vendidit.
776 1249 838 1303 Quos
853 1251 942 1305 umen,
955 1249 1089 1304 poenitentia
1101 1249 1195 1300 ductus,

83 1321 122 1354 rea
149 1310 230 1355 liuban
254 1310 314 1355 rania
341 1314 365 1354 et
390 1309 471 1364 lumi
486 1309 553 1356 ‘nata
578 1317 621 1354 arat
655 1309 731 1357 rotulit
744 1315 768 1356 et
781 1309 862 1370 abhas·
878 1310 957 1366 nanu
977 1321 1004 1356 sc
1020 1309 1149 1366 tutundit,
1171 1313 1195 1352 et

82 1377 212 1427 carpentem
235 1371 326 1416 invenit.
345 1370 440 1416 Fortiter
465 1371 531 1426 igitur
555 1369 620 1414 ambo
655 1382 776 1426 suspensus
800 1369 886 1427 crepuit
907 1371 991 1415 medius
1009 1377 1031 1416 et
1047 1369 1128 1414 diffusa
1144 1375 1195 1413 sunt

83 1434 221 1478 contundunt
243 1439 267 1478 et
288 1433 364 1489 jurgia
383 1433 548 1488 multituda
570 1438 621 1488 mat
652 1431 732 1478 emnia
751 1433 841 1478 uiscera
860 1433 924 1488 elus,
938 1445 960 1488 μ
976 1435 1090 1485 taust,
1107 1431 1142 1475 ed.
1168 1431 1196 1474 de

80 1494 151 1550 iurgia
173 1500 268 1550 surgunt
286 1493 312 1542 ad
335 1493 426 1537 verbera
445 1499 467 1537 et
490 1495 573 1540 mutuis
597 1506 621 1539 se
656 1493 689 1538 tt.
702 1493 791 1542 Grtssc.
806 1495 837 1538 La
852 1493 893 1538 Via
907 1495 945 1550 qui
963 1506 988 1539 ae
1006 1500 1087 1545 trouva
1103 1494 1158 1536 dans
1176 1493 1196 1536 le

82 1555 166 1611 iniuriis
174 1557 306 1601 affecerunt.
318 1552 498 1600 caudam-rudus
509 1548 621 1601 Rubeniu
654 1566 697 1599 ms.
712 1557 790 1609 meaa,
811 1553 846 1599 iul.
868 1567 931 1610 cxx,
949 1565 992 1611 rs,
1011 1555 1054 1599 cot.
1073 1558 1100 1607 t,
1113 1553 1197 1598 semble

80 1628 107 1661 ea
127 1623 203 1673 carta,
226 1629 272 1674 qua
293 1617 370 1665 carris
385 1617 440 1665 mtto
466 1617 617 1671 connectitur,
656 1617 788 1665 aursitiree
801 1617 981 1674 delatdgertds
997 1613 1196 1671 mudatmuimu’it

79 1677 149 1733 tepide
168 1677 293 1735 percussit,
307 1672 389 1735 paiiter
407 1683 429 1721 et
441 1675 532 1723 occidit.
548 1677 618 1723 Poma
656 1677 692 1736 n’y
706 1691 718 1724 a
731 1676 828 1723 d’autres
844 1679 975 1723 diise’rences
990 1690 1034 1733 quc
1050 1677 1088 1721 dea
1105 1683 1195 1721 retran-

81 1737 148 1794 igitur
167 1740 258 1785 sustulit
276 1747 299 1785 et
315 1741 402 1792 Pilato,
422 1740 475 1795 quid
497 1739 620 1793 anomia,
656 1741 773 1786 clementa
803 1740 960 1796 insignitanta.
995 1738 1043 1784 Ede
1066 1750 1195 1783 commence

82 1801 204 1847 enarravit.
228 1801 280 1845 Jam
305 1801 340 1845 die
361 1801 481 1845 inclinante
509 1806 531 1844 et
556 1806 622 1844 nocte
657 1802 792 1847 ainsiztiuit
802 1803 825 1845 in
837 1801 914 1846 diebus
925 1799 1019 1846 Herodis
1030 1800 1102 1856 regis,
1117 1799 1198 1854 Pylaia

81 1864 268 1918 superveniente,
287 1863 368 1908 liuban
389 1859 623 1918 nsotmustitrerltar
637 1889 640 1898 ·
656 1865 765 1920 mandate,
774 1864 809 1908 sir
820 1863 843 1906 tn
856 1863 950 1916 iudaea,
965 1859 1195 1915 Rabannamine,e1

81 1929 102 1967 et
113 1924 233 1969 subitanea
243 1930 314 1968 morte
324 1929 459 1980 praeventus
468 1935 515 1968 esse
523 1929 620 1979 putatur.
657 1925 717 1973 tribu
734 1925 807 1978 luda,
828 1924 867 1980 qui
888 1925 959 1971 nautis
987 1925 1010 1971 tu
1035 1929 1081 1970 tem
1122 1923 1196 1976 talto),

81 1985 141 2029 Tunc
157 1986 247 2030 Pilatus
258 1995 336 2030 omnes
353 1984 471 2030 facultates
483 1981 622 2028 liuben'iu·
657 1985 763 2042 legalibus
776 1986 851 2032 uxoris
868 1996 922 2029 snae
939 1984 1052 2041 Cytoreae
1065 1985 1085 2029 al
1101 1984 1197 2040 gabatur

81 2045 267 2091 daetraddiditet
277 2046 413 2103 (lyborcam,
427 2055 519 2092 moram
529 2046 621 2100 naim,
657 2047 808 2104 amauritium
828 2054 851 2091 et
868 2059 898 2092 un
914 2045 938 2092 iit
957 2048 971 2091 a
992 2047 1012 2092 ia
1033 2045 1195 2100 lin,1br'dam,

82 2109 197 2163 coniugem
210 2107 282 2151 tudae
298 2105 365 2151 dedit.
379 2105 480 2163 Quadam
495 2105 562 2164 igitur
574 2107 621 2162 die,
657 2107 698 2153 col.
710 2114 723 2152 Ξ
736 2122 742 2152 :
757 2107 786 2152 Et
805 2109 893 2164 triginta
912 2110 1031 2153 Dominum
1047 2107 1144 2152 vendidit
1155 2119 1195 2151 ar-

83 2167 131 2212 dum
145 2169 249 2225 Cgbnrea
263 2169 621 2226 mavimrsusniraffictddths,
654 2170 749 2225 gemis.
773 2171 857 2216 Vidnns
880 2177 955 2215 autera
980 2171 1035 2226 quie
1056 2170 1197 2216 innocentem

82 2229 115 2272 rir
125 2232 190 2287 eius,
205 2231 259 2287 qnid
270 2231 374 2286 liaberet,
393 2231 508 2288 diiigenter
522 2232 620 2279 intarra—
657 2233 859 2285 condemnaverat,
882 2233 982 2293 projectu
1000 2232 1025 2294 ¹in
1044 2233 1124 2292 templo
1140 2242 1196 2274 san-

83 2297 152 2346 garet,
176 2292 212 2336 illa
237 2291 442 2347 respouditaiiaul
469 2289 624 2338 intelicissima
652 2290 823 2349 guinispretio,
839 2293 918 2350 laqueo
937 2301 961 2338 se
978 2293 1093 2350 suspendit
1107 2299 1130 2338 et
1143 2305 1195 2338 me-

82 2354 241 2398 sumomatum
258 2353 474 2410 feminarumque
488 2355 620 2401 intantutum
654 2355 705 2400 dius
724 2356 819 2410 crepuit.
839 2355 956 2402 L'histuire
980 2368 1025 2412 qne
1040 2355 1160 2404 abranam
1181 2366 1194 2398 a
1214 2357 1221 2366 “

83 2424 154 2458 meum
173 2413 266 2460 marinis
283 2413 387 2460 nantinus
403 2415 502 2459 immersi
514 2421 535 2460 et
547 2416 620 2461 virum
656 2415 817 2460 Sancta-tiara
832 2417 907 2473 publia
921 2430 949 2462 en
961 2420 1026 2470 1687,
1045 2428 1097 2461 sous
1111 2416 1131 2461 ie
1146 2416 1198 2460 titre

83 2486 155 2519 meum
170 2482 243 2522 murto
268 2483 414 2534 praesentum
432 2477 519 2529 inueni,
538 2479 577 2522 red
597 2481 621 2522 at
656 2477 684 2520 de
700 2475 777 2522 badar
791 2477 985 2526 darllrmdeim
1004 2477 1086 2532 (ludas
1105 2477 1196 2534 t’arctii-

84 2535 148 2581 daturi
164 2539 246 2583 misere
261 2537 345 2581 Pilatus
359 2537 442 2582 addidit
457 2535 569 2588 dolorem,
582 2536 620 2591 qui
657 2539 759 2593 coquin),
771 2546 805 2584 est
816 2552 845 2584 au
856 2541 968 2585 contraire
981 2539 1030 2596 plus
1047 2538 1195 2594 developpde,

85 2608 116 2642 rna
128 2601 303 2648 moestissimam
321 2600 400 2654 nnutut
416 2597 507 2642 traillait
520 2603 543 2640 et
558 2597 620 2640 tnui·
656 2605 679 2643 et
693 2600 732 2656 ily
746 2613 759 2645 a
774 2595 813 2644 da‘s
822 2601 938 2646 ‘veriuntur
947 2600 1062 2654 ποδώκη
1076 2599 1132 2644 ainsi
1143 2599 1195 2644 itu-

86 2659 186 2704 tissimam
202 2661 242 2705 tibi
256 2659 278 2702 in
291 2660 406 2715 coniugem
418 2657 539 2716 copulavit.
552 2658 621 2702 Guru-
655 2662 696 2706 ben
709 2668 732 2706 et
745 2674 770 2706 ea
787 2661 868 2705 iemme
880 2663 957 2708 vireat
974 2674 1001 2706 en
1020 2661 1063 2706 tart
1079 2661 1195 2707 mauvaise

87 2729 125 2772 que
135 2721 169 2766 itta
181 2721 258 2766 omnia
276 2720 304 2764 de
318 2719 426 2765 infantulo
439 2725 578 2772 enarrasset,
598 2725 621 2764 et
654 2723 804 2777 mretigenca;
819 2721 873 2767 c’cst
888 2727 960 2767 meme
973 2735 1029 2780 pour
1044 2722 1091 2766 ceta
1105 2721 1149 2765 dor
1161 2721 1197 2764 ric

86 2779 195 2828 tudasitta
209 2793 270 2838 quae
284 2781 619 2836 atuiaccrdaruut,retatiasot,
654 2784 727 2830 emen
746 2783 843 2830 admau
866 2784 963 2840 vallati
984 2785 1106 2842 craesum
1125 2783 1194 2826 ludas

19 2897 20 2902 1
87 2839 193 2888 inventum
216 2841 620 2899 est,qu0d1ndasmatremsuam
655 2842 1197 2904 revienttpieddel’ileSehurioth,et1iubenie

20 2957 21 2964 ἵ
87 2901 106 2945 in
119 2916 185 2951 uxore
196 2905 287 2952 duxerit
296 2910 494 2961 etnatramrnrm
505 2901 619 2953 auidam.
655 2908 825 2961 pmroauemtt
836 2904 1016 2952 ammoneo
1034 2903 1194 2950 sanaim-uad

20 3013 21 3016 Ἴ
86 2962 220 3011 Paenitentia
236 2967 303 3024 igitur
316 2967 412 3022 ductus,
428 2967 533 3013 suadente
548 2965 621 3022 Cybu-
655 2965 805 3009 Diebeats'tul.
826 2967 843 3010 li
855 2967 925 3011 ariste
938 2966 999 3009 aussi
1009 2965 1136 3010 enauadois
1151 2977 1194 3010 une

20 3063 21 3074 ,
87 3027 275 3080 fermentandi
294 3033 396 3072 aostmm
417 3028 494 3073 lesatm
509 3027 622 3078 tiirristnm
652 3022 698 3071 -via
711 3025 1197 3083 pupuiaimdaludas,duntnousconnais-

20 3083 22 3154 ’Χ
87 3086 136 3130 adiit
148 3097 170 3134 et
183 3103 276 3137 suorum
291 3089 422 3140 delicturum
435 3089 522 3150 veniam
539 3090 621 3146 impto-
651 3100 761 3148 ,sansone
770 3090 853 3134 ddition
864 3089 892 3134 de
903 3092 966 3140 1835,
981 3088 1019 3144 qui
1029 3100 1042 3132 a
1052 3088 1088 3134 ett
1100 3087 1195 3132 traduita

21 3191 22 3200 ,
88 3149 149 3193 ravit.
162 3153 287 3207 Hucusque
299 3151 321 3195 iu
335 3151 450 3207 praedicta
460 3149 551 3195 historia
562 3145 620 3206 aaa*
656 3161 684 3194 en
695 3149 803 3195 allemand
820 3151 875 3196 dans
888 3152 908 3196 ie
923 3150 1000 3196 Neues
1016 3140 1140 3193 dalmaci
1153 3148 1197 3193 der

21 3211 22 3220 ¹
89 3211 165 3264 cunin
179 3214 432 3270 iegitur;·quaeutrum
449 3213 563 3257 recitanda
577 3212 621 3264 sit,
656 3211 817 3258 bertiniacam
838 3211 992 3269 Gerettaeltost
1017 3211 1062 3267 [tir
1084 3209 1194 3254 deuteria

88 3267 170 3333 lecturis
181 3275 274 3320 arbitrio
283 3275 436 3332 relinquatur,
448 3274 499 3320 licet
510 3274 621 3330 sitputius
656 3274 762 3330 sprauto
783 3275 834 3319 aad
853 3273 1092 3328 Aitcrldumakrssdh
1110 3280 1128 3318 l·
1149 3273 1194 3325 Vl,

22 3383 23 3392 ἵ
89 3329 225 3390 relinquenda
238 3348 307 3392 quarn
319 3335 446 3382 asserenda.
458 3336 621 3380 nomiuusan-
654 3349 678 3391 ii·
699 3340 746 3382 tit.
765 3337 851 3392 ¹ltaatgrd
871 3338 893 3385 ta
910 3337 994 3394 grande
1015 3334 1193 3388 ressemltlanca,

91 3396 130 3436 itm
143 3407 211 3442 suum
225 3409 277 3442 enm
291 3396 344 3442 iecit
358 3398 489 3454 discipulum
501 3403 523 3442 et
534 3397 561 3440 du
572 3397 621 3440 dis·
655 3410 712 3445 nous
726 3411 796 3449 avana
809 3410 903 3455 presque
917 3397 948 3444 dit
959 3397 1065 3442 t'ideutitd
1075 3385 1114 3440 des
1127 3397 1194 3447 faits,

91 3453 157 3522 tinnio
171 3458 345 3513 insunm'oiogit
358 3458 548 3518 apostatum,1qui
567 3458 622 3503 adea
657 3461 697 3504 etta
722 3460 820 3517 s’appuie
844 3458 1064 3503 tres-certainement
1086 3469 1125 3501 sur
1149 3469 1194 3505 uae

92 3514 127 3558 sthi
140 3518 253 3565 tamillaris
267 3520 353 3565 asstitit
366 3526 388 3564 et
404 3520 515 3574 dilectus,
533 3525 557 3564 ut
571 3533 622 3566 eum
658 3521 761 3566 tradition
787 3519 901 3566 differente
911 3532 918 3562 r
928 3518 1007 3562 liuban
1030 3531 1044 3574 g
1067 3524 1101 3562 est
1122 3517 1150 3562 de
1172 3517 1193 3563 ia

93 3573 169 3626 iaceret
186 3592 252 3626 suum
269 3585 450 3639 procuratorem,
472 3591 538 3637 quem
558 3587 623 3639 post·
658 3582 854 3636 tribud'tsaschar,
865 3591 889 3624 sa
900 3579 1197 3636 iemmcs'appetietilora,

93 3640 173 3686 madum
182 3645 272 3698 metatis
282 3656 348 3689 suum
357 3644 499 3699 proditorem.
515 3644 622 3689 Portabat
657 3647 677 3690 ta
688 3646 749 3689 reiue
758 3644 830 3688 donne
843 3643 857 3688 a
869 3654 909 3688 son
922 3641 956 3688 [ils
967 3641 988 3686 ie
1002 3654 1053 3686 nura
1065 3641 1092 3686 de
1100 3641 1194 3696 iudas,

93 3699 143 3744 enirn
164 3705 259 3760 menius,
280 3711 303 3750 et
323 3714 364 3753 ea.
386 3715 445 3760 quae
469 3705 554 3750 Christo
576 3707 621 3750 da·
657 3703 1191 3763 parcequ'ciieseduutebienqu'ilrientdeia

94 3757 180 3820 tantur,
202 3764 327 3812 iurabatur.
348 3765 430 3812 nalem
452 3779 505 3812 vero
524 3773 622 3822 tempure
656 3768 739 3821 iudea,
753 3773 776 3814 et
787 3763 858 3810 ludas
873 3771 911 3810 tue
926 3765 1025 3820 sonuere
1036 3767 1075 3808 san
1104 3777 1193 3810 aucune

25 3851 26 3868 i
94 3817 209 3872 dominicae
232 3829 359 3883 Passionis,
386 3829 445 3884 qaod
470 3833 621 3884 unguentum,
657 3829 808 3886 provocation.
822 3825 923 3884 Quanti
938 3827 959 3873 ia
976 3826 1063 3890 version
1081 3825 1110 3871 du
1125 3827 1197 3872 rieux

94 3883 146 3933 (itud
156 3892 268 3933 trecentas
281 3889 384 3936 denarios
395 3889 495 3940 valebat,
508 3899 551 3932 non
570 3887 622 3931 tue·
657 3889 781 3935 Parricaal
801 3889 930 3943 allemand,
940 3887 992 3932 dont
1005 3887 1036 3936 les
1048 3901 1090 3934 ms.
1101 3900 1193 3937 ramon-

26 3981 27 3998 ζ
96 3946 257 4003 ratrenditum,
271 3951 354 3996 ulidus
367 3951 434 3998 etium
447 3948 623 3997 denariastura-
657 3951 917 4002 teutauxtvrsiecta‚
930 3947 1136 3998 nouitaseroirlons
1150 3961 1194 3994 vo-

26 4037 28 4054 i
96 4007 165 4061 filit,
180 4011 236 4058 abiit
249 4013 404 4062 estimatum
416 4012 513 4067 trigenta
527 4010 623 4056 denariis
657 4013 747 4057 lundors
770 4025 812 4057 une
840 4011 975 4056 elaboratidn
996 4011 1022 4056 de
1043 4011 1063 4054 ta
1089 4009 1195 4067 Ltgcnde

27 4105 28 4114 ,
97 4065 200 4127 vendidit,
210 4085 305 4130 quorum
317 4073 469 4132 unusquisque
479 4071 566 4117 valebat
580 4073 623 4118 de·
659 4073 740 4130 dorda3
753 4074 773 4118 la
784 4074 846 4120 mere
857 4073 883 4117 de
894 4071 963 4117 ludas
973 4073 1003 4130 s'g
1021 4073 1105 4130 appelle
1119 4073 1194 4131 Cybu-

27 4171 28 4180 ,
98 4131 140 4171 tum
153 4130 257 4179 denarios
268 4135 357 4195 usuales
368 4139 391 4180 ct
402 4135 506 4180 damnum
519 4136 622 4190 unguenti
659 4145 714 4192 rea;
737 4138 757 4181 le
778 4135 922 4192 ohangomenl
942 4133 969 4178 de
987 4131 1132 4182 'terminoisou
1155 4136 1193 4179 des

28 4241 29 4250 ἵ
97 4183 229 4240 denariorum
239 4197 427 4251 recompensatur
441 4193 623 4250 rei,‘utquidam
660 4209 721 4242 noms
739 4207 841 4255 proprus,
861 4197 948 4242 suivant
970 4193 989 4240 le
1013 4208 1051 4240 cas
1072 4195 1100 4240 od
1123 4195 1151 4240 ils
1170 4207 1194 4240 aa
