2892 4940
756 459 919 520 —174-

379 591 485 654 Omnis
500 591 596 651 homo
610 583 765 667 gaudeat!
782 587 840 648 Tot
852 603 949 665 papas
959 586 1121 654 videmus!

379 703 447 761 Non
462 713 538 776 ergo
553 695 592 756 de
605 693 697 758 Curia
710 711 842 756 romana
854 711 1019 774 curemus3

380 822 454 866 nam
468 805 582 865 cuncta
596 818 669 864 cum
682 799 842 862 Fratribus
856 801 936 864 haee
949 801 1153 880 expediemus

381 909 553 973 dummodo
566 906 734 988 pecuniam
746 923 842 986 quam
853 909 966 986 petunt
978 909 1148 987 portemus.

380 1059 443 1116 Hos
455 1050 585 1132 praelati
599 1049 724 1129 pessimi
738 1048 791 1129 qui
806 1050 890 1112 sarna
904 1049 1050 1114 laborant

380 1282 515 1346 quorum
528 1265 628 1326 multa
641 1261 772 1328 erimina
786 1262 903 1324 famam
914 1262 1119 1342 decolorant,

380 1391 421 1434 ne
434 1371 518 1450 ipsos
531 1369 743 1448 redarguant,
758 1370 893 1446 pascunt
904 1369 937 1432 et
950 1369 1121 1434 honorant.

381 1516 482 1592 thue
492 1529 548 1591 per
561 1509 724 1590 episcopos
737 1509 861 1574 Fratres
872 1513 1075 1590 venerantur,

383 1619 428 1682 sie
440 1635 496 1698 per
509 1617 594 1696 ipsos
608 1615 739 1680 crimina
753 1631 811 1681 sua
824 1615 994 1694 palliantur
1006 1641 1014 1696 3

385 1726 461 1786 dum
474 1741 543 1786 sese
556 1721 698 1786 funiculo
712 1720 767 1784 tali
781 1721 996 1803 foederantur,

385 1830 435 1892 his
447 1829 560 1893 crescit
573 1826 804 1908 praesumptio,
820 1826 863 1890 illi
876 1825 1098 1907 depravantur.

384 1977 462 2035 Nam
475 1970 500 2034 si
515 1971 555 2032 de
568 1970 618 2032 his
629 1969 785 2050 quispiam
798 1972 882 2034 esset
894 1974 1080 2051 aecusatus,

384 2081 508 2140 Fratres
516 2078 670 2140 clamant:
686 2073 830 2140 Sanctior
839 2093 903 2140 non
913 2074 990 2140 vivit
999 2079 1166 2157 praelatus.

383 2182 531 2258 Quamvis
544 2180 746 2262 symoniacus
758 2183 854 2244 notus
867 2185 900 2246 et
910 2183 1077 2262 probatus,

384 2289 429 2352 sie
442 2289 601 2368 praelatus
611 2289 755 2350 remanet
766 2289 799 2348 et
812 2303 921 2352 seeum
934 2293 1051 2354 reatus.

383 2426 421 2486 ut
434 2439 508 2488 oum
520 2438 609 2487 more
619 2419 712 2484 solito
726 2419 847 2484 faciunt
861 2438 1056 2502 sermonem,

383 2528 531 2592 videntur
543 2527 577 2592 in
588 2526 740 2592 cathedra
754 2527 830 2590 dare
842 2526 1031 2609 lectionem3

383 2638 444 2698 hoo
459 2634 500 2697 ad
513 2651 605 2696 suam
618 2632 740 2696 faciunt
753 2634 1063 2714 [h]ostentationem‚

381 2743 515 2805 sednon
528 2739 725 2806 audientium
738 2740 780 2804 ad
793 2739 1045 2806 instructionem.

379 2880 497 2938 Horum
510 2893 575 2940 non
588 2873 729 2938 invenies
737 2889 928 2953 quemquam
936 2873 1040 2936 verbis
1051 2878 1175 2956 partum
1186 2878 1220 2950 (l.
1233 2883 1384 2957 parcum).

381 2988 413 3046 et
425 2983 523 3064 pudet
536 2982 686 3045 inducere
700 2980 878 3043 Mathaeum
892 2983 923 3041 et
937 2983 1124 3060 Mare[h]um

312 3101 315 3108 ⁴
353 3129 358 3141 ·
379 3091 436 3153 sed
446 3107 502 3170 per
515 3086 705 3151 aristotilem
719 3089 751 3146 et
763 3102 819 3165 per
832 3084 1048 3152 Aristarchum

378 3332 481 3402 Quum
494 3325 645 3387 deberent
658 3322 809 3401 populum
822 3319 863 3381 ad
876 3321 995 3383 bonum
1008 3324 1171 3408 (morteri,

378 3433 535 3514 quaerunt
543 3445 615 3492 cum
624 3427 657 3502 (l.
667 3429 755 3503 euri)
764 3425 924 3506 opportuit
933 3427 1104 3504 sp(h)eram
1113 3436 1294 3519 rotundam,

377 3542 410 3603 et
422 3536 580 3619 quaerunt
591 3534 631 3599 de
644 3532 780 3614 circulo,
796 3531 822 3595 si
836 3535 942 3613 posset
953 3535 1102 3614 quadrari
1114 3566 1122 3620 3

377 3646 424 3708 sol
438 3645 515 3725 quot
528 3642 623 3707 debet
636 3638 785 3720 gradibus
797 3636 830 3701 in
844 3638 935 3718 siguo
949 3644 1075 3706 morari.

376 3777 500 3856 trigono
512 3778 545 3851 (l.
560 3773 712 3854 Trigorios
722 3778 746 3846 ?)
759 3773 985 3853 quadrangulis
999 3777 1023 3838 si
1038 3778 1107 3858 quis
1119 3782 1290 3871 attagen-i,

376 3884 461 3946 unde
476 3883 608 3964 possunt
624 3882 657 3956 (l.
673 3878 794 3960 possint
802 3883 826 3955 i)
844 3881 1013 3959 grandiens
1033 3886 1066 3958 (l.
1083 3889 1249 3969 grandius)
1269 3901 1385 3960 aestate
1433 3871 1434 3882 ¹

376 3991 416 4052 de
429 3989 478 4052 his
489 3992 521 4052 et
533 3985 684 4050 similibus
698 4002 763 4048 non
777 3985 950 4062 debqretnt
963 3987 1040 4070 sari,
1272 4003 1382 4078 [aram

374 4114 449 4160 enm
461 4113 526 4160 non
539 4093 638 4174 possit
648 4092 782 4171 populus
795 4092 844 4154 his
856 4091 1023 4157 aedificari.
