2902 4940
727 471 890 525 —268-

539 601 627 662 Prius
641 615 710 660 eras
726 596 913 676 praecipua,
978 648 984 657 .

538 707 633 768 modo
648 707 730 768 lacta
745 721 779 765 es
794 703 897 780 latua,

538 812 685 891 exigente
698 812 790 889 eulpa
809 813 881 886 tua,

538 920 660 996 strages
674 915 824 977 reddetur
837 915 957 975 mutua.

499 1206 591 1268 Antra
605 1207 780 1284 complutum
793 1223 845 1264 sur
859 1204 886 1264 le
898 1206 987 1262 mtrne
1001 1199 1082 1278 sujet.
1115 1165 1119 1172 Ι
1164 1161 1168 1168 ¹

539 1448 666 1526 carole,
682 1436 805 1524 gemma
817 1443 986 1522 comitum,

541 1551 605 1613 dux
618 1551 753 1630 inelyte,
768 1551 826 1612 llos
837 1548 989 1627 militurn,

539 1662 571 1720 te
583 1657 726 1719 dolemus
740 1656 931 1719 immeritum

539 1763 703 1842 pertulisse
712 1762 875 1826 interitum
887 1761 893 1821 ἶ

540 1899 635 1976 Cujus
644 1897 783 1975 prudens
794 1893 947 1958 modestia
964 1957 967 1971 ,

540 2005 572 2062 et
583 2003 682 2063 solers
695 2001 874 2079 vigilantia,

540 2105 671 2167 sollicite
682 2122 739 2183 pro
754 2107 854 2184 patria

540 2213 609 2271 tuta
622 2211 767 2271 servabat
778 2210 893 2272 omnia.

540 2341 581 2401 Te
595 2340 808 2403 exhorrebant
826 2340 929 2420 impii,

538 2445 687 2508 amabant
698 2446 796 2526 patris
809 2445 882 2526 lilii3

538 2553 630 2616 bonis
642 2554 732 2616 locus
745 2554 875 2635 refugii,

537 2659 627 2722 malis
637 2677 707 2722 eras
718 2661 872 2741 supplicii.

539 2799 580 2858 Te
591 2796 680 2875 luget
692 2795 793 2858 dulcis
806 2797 918 2874 Gallia,

539 2918 597 2980 pro
608 2905 639 2964 te
654 2901 751 2982 gemit
763 2901 966 2984 Burgundia‚

443 3021 449 3033 ·
540 3011 572 3069 et
585 3008 727 3087 proxima
738 3008 919 3085 Britannia,

541 3100 668 3193 insuper
678 3118 786 3177 nostra
799 3114 909 3194 patria.

539 3252 641 3327 Quae,
655 3247 864 3325 lacrymarum
878 3246 1006 3309 llumine

540 3355 717 3416 exuberans
730 3329 798 3415 sine
808 3351 888 3432 line,

540 3459 614 3539 liet,
628 3476 728 3521 vacua
742 3457 911 3539 regimine,

538 3566 658 3645 privata
670 3570 702 3627 et
713 3564 887 3627 munimine
898 3571 949 3643 (l).

538 3697 1016 3780 mmlquamuonaconstantia!

537 3810 638 3881 Quam
650 3808 799 3870 constans
808 3803 975 3883 patientia!

275 4073 302 4129 (l)
314 4073 469 4128 Gettestroplie
481 4076 566 4118 mantra
574 4084 619 4128 que
630 4085 656 4118 ee
668 4075 735 4118 elram
743 4074 782 4117 dut
818 4074 871 4129 bon,
886 4079 908 4118 et
918 4074 1015 4130 reppelle
1024 4072 1220 4120 luvam-damiam
1232 4073 1317 4129 stropha
1326 4071 1349 4114 dr

248 4137 322 4179 mirre
340 4135 366 4179 de
380 4135 487 4190 trus-pres
503 4136 522 4179 la
540 4140 596 4178 morl
609 4135 636 4180 de
655 4135 745 4180 Charles
763 4135 781 4179 le
818 4137 836 4179 la
849 4146 905 4192 page
916 4135 1053 4189 precedente.
