<?xml version="1.0" encoding="UTF-8"?>
<!DOCTYPE html PUBLIC "-//W3C//DTD XHTML 1.0 Transitional//EN"
    "http://www.w3.org/TR/xhtml1/DTD/xhtml1-transitional.dtd">
<html xmlns="http://www.w3.org/1999/xhtml" xml:lang="en" lang="en">
 <head>
  <title>
</title>
<meta http-equiv="Content-Type" content="text/html;charset=utf-8" />
  <meta name='ocr-system' content='tesseract 3.04.00' />
  <meta name='ocr-capabilities' content='ocr_page ocr_carea ocr_par ocr_line ocrx_word'/>
</head>
<body>
  <div class='ocr_page' id='page_1' title='image "./posiespopulaire01mrgoog_0075.png"; bbox 0 0 2926 4952; ppageno 0'>
   <div class='ocr_carea' id='block_1_1' title="bbox 581 524 726 576">
    <p class='ocr_par' dir='ltr' id='par_1_1' title="bbox 581 524 726 576">
     <span class='ocr_line' id='line_1_1' title="bbox 581 524 726 576; baseline -0.007 0"><span class='ocrx_word' id='word_1_1' title='bbox 581 524 670 576; x_wconf 71' lang='lat' dir='ltr'><strong>—ttn</strong></span> <span class='ocrx_word' id='word_1_2' title='bbox 686 552 726 562; x_wconf 91' lang='lat'>-</span> 
     </span>
    </p>
   </div>
   <div class='ocr_carea' id='block_1_2' title="bbox 11 646 1208 816">
    <p class='ocr_par' dir='ltr' id='par_1_2' title="bbox 11 646 1208 816">
     <span class='ocr_line' id='line_1_2' title="bbox 11 646 1208 728; baseline -0.001 -17"><span class='ocrx_word' id='word_1_3' title='bbox 11 681 12 688; x_wconf 21' lang='grc' dir='ltr'><strong>κ</strong></span> <span class='ocrx_word' id='word_1_4' title='bbox 99 648 219 712; x_wconf 86' lang='lat' dir='ltr'><strong>Dehinc</strong></span> <span class='ocrx_word' id='word_1_5' title='bbox 243 648 332 728; x_wconf 87' lang='lat' dir='ltr'><strong>virgo</strong></span> <span class='ocrx_word' id='word_1_6' title='bbox 357 646 470 728; x_wconf 85' lang='lat' dir='ltr'><strong>virgini</strong></span> <span class='ocrx_word' id='word_1_7' title='bbox 499 652 562 711; x_wconf 87' lang='lat' dir='ltr'><strong>beo</strong></span> <span class='ocrx_word' id='word_1_8' title='bbox 594 648 651 710; x_wconf 90' lang='lat' dir='ltr'><strong>soli</strong></span> <span class='ocrx_word' id='word_1_9' title='bbox 686 647 812 726; x_wconf 90' lang='lat' dir='ltr'><strong>cognita</strong></span> <span class='ocrx_word' id='word_1_10' title='bbox 835 683 875 694; x_wconf 89' lang='lat'><strong>--</strong></span> <span class='ocrx_word' id='word_1_11' title='bbox 901 647 1011 727; x_wconf 82' lang='lat' dir='ltr'>pandit</span> <span class='ocrx_word' id='word_1_12' title='bbox 1032 647 1080 710; x_wconf 91' lang='lat' dir='ltr'><strong>sui</strong></span> <span class='ocrx_word' id='word_1_13' title='bbox 1104 648 1208 711; x_wconf 87' lang='lat' dir='ltr'><strong>cordis</strong></span> 
     </span>
     <span class='ocr_line' id='line_1_3' title="bbox 136 770 266 816; baseline -0.015 -1"><span class='ocrx_word' id='word_1_14' title='bbox 136 770 266 816; x_wconf 90' lang='lat' dir='ltr'><strong>arcana.</strong></span> 
     </span>
    </p>
   </div>
   <div class='ocr_carea' id='block_1_3' title="bbox 98 872 1203 1040">
    <p class='ocr_par' dir='ltr' id='par_1_3' title="bbox 98 872 1203 1040">
     <span class='ocr_line' id='line_1_4' title="bbox 98 872 1203 956; baseline 0.001 -21"><span class='ocrx_word' id='word_1_15' title='bbox 98 874 342 953; x_wconf 88' lang='lat' dir='ltr'><strong>Erumpentibus</strong></span> <span class='ocrx_word' id='word_1_16' title='bbox 360 875 522 956; x_wconf 84' lang='lat' dir='ltr'><strong>lacrymis,</strong></span> <span class='ocrx_word' id='word_1_17' title='bbox 543 872 662 952; x_wconf 90' lang='lat' dir='ltr'><strong>gemitu</strong></span> <span class='ocrx_word' id='word_1_18' title='bbox 682 874 902 954; x_wconf 86' lang='lat' dir='ltr'><strong>conturbatur,</strong></span> <span class='ocrx_word' id='word_1_19' title='bbox 914 909 953 920; x_wconf 91' lang='lat'>—</span> <span class='ocrx_word' id='word_1_20' title='bbox 971 873 1112 954; x_wconf 83' lang='lat' dir='ltr'><strong>singultu</strong></span> <span class='ocrx_word' id='word_1_21' title='bbox 1126 891 1203 936; x_wconf 92' lang='lat' dir='ltr'><strong>con-</strong></span> 
     </span>
     <span class='ocr_line' id='line_1_5' title="bbox 136 977 268 1040; baseline -0.023 0"><span class='ocrx_word' id='word_1_22' title='bbox 136 977 268 1040; x_wconf 77' lang='lat' dir='ltr'>entitur.</span> 
     </span>
    </p>
   </div>
   <div class='ocr_carea' id='block_1_4' title="bbox 98 1096 1210 1284">
    <p class='ocr_par' dir='ltr' id='par_1_4' title="bbox 98 1096 1210 1284">
     <span class='ocr_line' id='line_1_6' title="bbox 98 1096 1210 1180; baseline -0.002 -18"><span class='ocrx_word' id='word_1_23' title='bbox 98 1103 181 1163; x_wconf 82' lang='lat' dir='ltr'><strong>Ante</strong></span> <span class='ocrx_word' id='word_1_24' title='bbox 193 1100 290 1180; x_wconf 87' lang='lat' dir='ltr'><strong>pedes</strong></span> <span class='ocrx_word' id='word_1_25' title='bbox 304 1098 497 1180; x_wconf 67' lang='lat' dir='ltr'><strong>spirittublis</strong></span> <span class='ocrx_word' id='word_1_26' title='bbox 516 1097 626 1160; x_wconf 91' lang='lat' dir='ltr'><strong>matris</strong></span> <span class='ocrx_word' id='word_1_27' title='bbox 642 1099 710 1160; x_wconf 94' lang='lat' dir='ltr'><strong>solo</strong></span> <span class='ocrx_word' id='word_1_28' title='bbox 733 1096 896 1178; x_wconf 81' lang='lat' dir='ltr'><strong>sternitur,</strong></span> <span class='ocrx_word' id='word_1_29' title='bbox 910 1099 1088 1160; x_wconf 88' lang='lat' dir='ltr'><strong>-salubre</strong></span> <span class='ocrx_word' id='word_1_30' title='bbox 1102 1099 1210 1162; x_wconf 91' lang='lat' dir='ltr'><strong>consi-</strong></span> 
     </span>
     <span class='ocr_line' id='line_1_7' title="bbox 136 1202 918 1284; baseline -0.006 -15"><span class='ocrx_word' id='word_1_31' title='bbox 136 1207 217 1271; x_wconf 92' lang='lat' dir='ltr'><strong>lium</strong></span> <span class='ocrx_word' id='word_1_32' title='bbox 231 1224 305 1270; x_wconf 92' lang='lat' dir='ltr'><strong>cum</strong></span> <span class='ocrx_word' id='word_1_33' title='bbox 319 1205 458 1268; x_wconf 92' lang='lat' dir='ltr'><strong>subsidio</strong></span> <span class='ocrx_word' id='word_1_34' title='bbox 472 1221 601 1284; x_wconf 90' lang='lat' dir='ltr'><strong>precum</strong></span> <span class='ocrx_word' id='word_1_35' title='bbox 614 1202 749 1266; x_wconf 88' lang='lat' dir='ltr'><strong>subnixe</strong></span> <span class='ocrx_word' id='word_1_36' title='bbox 760 1206 918 1283; x_wconf 79' lang='lat' dir='ltr'>precatur.</span> 
     </span>
    </p>
   </div>
   <div class='ocr_carea' id='block_1_5' title="bbox 98 1330 1211 1516">
    <p class='ocr_par' dir='ltr' id='par_1_5' title="bbox 98 1330 1211 1516">
     <span class='ocr_line' id='line_1_8' title="bbox 98 1330 1211 1412; baseline 0 -16"><span class='ocrx_word' id='word_1_37' title='bbox 98 1335 146 1396; x_wconf 76' lang='lat' dir='ltr'><strong>nd</strong></span> <span class='ocrx_word' id='word_1_38' title='bbox 159 1333 249 1396; x_wconf 91' lang='lat' dir='ltr'><strong>bunc</strong></span> <span class='ocrx_word' id='word_1_39' title='bbox 264 1332 517 1412; x_wconf 77' lang='lat' dir='ltr'>compunctionis</span> <span class='ocrx_word' id='word_1_40' title='bbox 530 1347 707 1394; x_wconf 90' lang='lat' dir='ltr'><strong>moerorem</strong></span> <span class='ocrx_word' id='word_1_41' title='bbox 721 1330 914 1396; x_wconf 83' lang='lat' dir='ltr'><strong>devotissimi</strong></span> <span class='ocrx_word' id='word_1_42' title='bbox 924 1331 1051 1412; x_wconf 85' lang='lat' dir='ltr'><strong>juvenis</strong></span> <span class='ocrx_word' id='word_1_43' title='bbox 1069 1368 1109 1379; x_wconf 88' lang='lat'><strong>—</strong></span> <span class='ocrx_word' id='word_1_44' title='bbox 1121 1351 1211 1396; x_wconf 91' lang='lat' dir='ltr'><strong>com-</strong></span> 
     </span>
     <span class='ocr_line' id='line_1_9' title="bbox 138 1435 751 1516; baseline -0.003 -16"><span class='ocrx_word' id='word_1_45' title='bbox 138 1441 229 1500; x_wconf 88' lang='lat' dir='ltr'><strong>mota</strong></span> <span class='ocrx_word' id='word_1_46' title='bbox 242 1439 317 1499; x_wconf 88' lang='lat' dir='ltr'><strong>sunt</strong></span> <span class='ocrx_word' id='word_1_47' title='bbox 329 1436 449 1500; x_wconf 86' lang='lat' dir='ltr'><strong>viscera</strong></span> <span class='ocrx_word' id='word_1_48' title='bbox 462 1435 619 1516; x_wconf 83' lang='lat' dir='ltr'><strong>piissimae</strong></span> <span class='ocrx_word' id='word_1_49' title='bbox 632 1435 751 1498; x_wconf 90' lang='lat' dir='ltr'><strong>matris.</strong></span> 
     </span>
    </p>
   </div>
   <div class='ocr_carea' id='block_1_6' title="bbox 99 1563 1213 1840">
    <p class='ocr_par' dir='ltr' id='par_1_6' title="bbox 99 1563 1213 1840">
     <span class='ocr_line' id='line_1_10' title="bbox 99 1563 1213 1649; baseline 0.004 -22"><span class='ocrx_word' id='word_1_50' title='bbox 99 1565 201 1627; x_wconf 83' lang='lat' dir='ltr'><strong>Flenti</strong></span> <span class='ocrx_word' id='word_1_51' title='bbox 216 1563 419 1646; x_wconf 90' lang='lat' dir='ltr'><strong>compatitur,</strong></span> <span class='ocrx_word' id='word_1_52' title='bbox 432 1600 473 1610; x_wconf 96' lang='lat'>—</span> <span class='ocrx_word' id='word_1_53' title='bbox 495 1566 657 1646; x_wconf 89' lang='lat' dir='ltr'><strong>lugentem</strong></span> <span class='ocrx_word' id='word_1_54' title='bbox 670 1567 802 1649; x_wconf 88' lang='lat' dir='ltr'><strong>solatur,</strong></span> <span class='ocrx_word' id='word_1_55' title='bbox 818 1604 858 1612; x_wconf 93' lang='lat'><em>-</em></span> <span class='ocrx_word' id='word_1_56' title='bbox 877 1572 1072 1632; x_wconf 87' lang='lat' dir='ltr'><strong>moerentem</strong></span> <span class='ocrx_word' id='word_1_57' title='bbox 1096 1569 1213 1631; x_wconf 84' lang='lat' dir='ltr'><strong>laetifi-</strong></span> 
     </span>
     <span class='ocr_line' id='line_1_11' title="bbox 140 1670 1211 1755; baseline 0.002 -20"><span class='ocrx_word' id='word_1_58' title='bbox 140 1674 210 1752; x_wconf 92' lang='lat' dir='ltr'><strong>cat,</strong></span> <span class='ocrx_word' id='word_1_59' title='bbox 223 1706 264 1716; x_wconf 89' lang='lat'><em>-</em></span> <span class='ocrx_word' id='word_1_60' title='bbox 277 1675 324 1753; x_wconf 91' lang='lat' dir='ltr'><strong>et,</strong></span> <span class='ocrx_word' id='word_1_61' title='bbox 346 1673 382 1733; x_wconf 92' lang='lat' dir='ltr'><strong>ut</strong></span> <span class='ocrx_word' id='word_1_62' title='bbox 404 1687 478 1733; x_wconf 91' lang='lat' dir='ltr'><strong>eum</strong></span> <span class='ocrx_word' id='word_1_63' title='bbox 491 1670 556 1733; x_wconf 90' lang='lat' dir='ltr'><strong>voti</strong></span> <span class='ocrx_word' id='word_1_64' title='bbox 571 1675 750 1750; x_wconf 87' lang='lat' dir='ltr'><strong>compotem</strong></span> <span class='ocrx_word' id='word_1_65' title='bbox 773 1672 884 1754; x_wconf 84' lang='lat' dir='ltr'><strong>iaciat,</strong></span> <span class='ocrx_word' id='word_1_66' title='bbox 899 1709 939 1719; x_wconf 91' lang='lat'>-</span> <span class='ocrx_word' id='word_1_67' title='bbox 961 1674 1128 1737; x_wconf 88' lang='lat' dir='ltr'><strong>Dominum</strong></span> <span class='ocrx_word' id='word_1_68' title='bbox 1141 1674 1211 1755; x_wconf 75' lang='lat' dir='ltr'><strong>pie-</strong></span> 
     </span>
     <span class='ocr_line' id='line_1_12' title="bbox 138 1775 352 1840; baseline -0.014 0"><span class='ocrx_word' id='word_1_69' title='bbox 138 1775 217 1840; x_wconf 83' lang='lat' dir='ltr'><strong>tatis</strong></span> <span class='ocrx_word' id='word_1_70' title='bbox 229 1781 352 1840; x_wconf 83' lang='lat' dir='ltr'><strong>exorat.</strong></span> 
     </span>
    </p>
   </div>
   <div class='ocr_carea' id='block_1_7' title="bbox 99 1897 1214 2078">
    <p class='ocr_par' dir='ltr' id='par_1_7' title="bbox 99 1897 1214 2078">
     <span class='ocr_line' id='line_1_13' title="bbox 99 1897 1214 1982; baseline 0.003 -18"><span class='ocrx_word' id='word_1_71' title='bbox 99 1900 284 1964; x_wconf 88' lang='lat' dir='ltr'><strong>Communis</strong></span> <span class='ocrx_word' id='word_1_72' title='bbox 308 1899 406 1980; x_wconf 88' lang='lat' dir='ltr'><strong>igitur</strong></span> <span class='ocrx_word' id='word_1_73' title='bbox 429 1897 595 1975; x_wconf 88' lang='lat' dir='ltr'><strong>utriusque</strong></span> <span class='ocrx_word' id='word_1_74' title='bbox 618 1900 707 1976; x_wconf 88' lang='lat' dir='ltr'><strong>pater</strong></span> <span class='ocrx_word' id='word_1_75' title='bbox 730 1897 818 1978; x_wconf 85' lang='lat' dir='ltr'><strong>pius,</strong></span> <span class='ocrx_word' id='word_1_76' title='bbox 844 1935 884 1946; x_wconf 91' lang='lat'><em>-</em></span> <span class='ocrx_word' id='word_1_77' title='bbox 908 1901 949 1962; x_wconf 90' lang='lat' dir='ltr'><strong>ab</strong></span> <span class='ocrx_word' id='word_1_78' title='bbox 971 1903 1112 1982; x_wconf 86' lang='lat' dir='ltr'><strong>utrisque</strong></span> <span class='ocrx_word' id='word_1_79' title='bbox 1133 1922 1214 1967; x_wconf 92' lang='lat' dir='ltr'><strong>con-</strong></span> 
     </span>
     <span class='ocr_line' id='line_1_14' title="bbox 139 1997 579 2078; baseline -0.009 -14"><span class='ocrx_word' id='word_1_80' title='bbox 139 2001 255 2064; x_wconf 91' lang='lat' dir='ltr'><strong>sulitur</strong></span> <span class='ocrx_word' id='word_1_81' title='bbox 267 2003 398 2064; x_wconf 91' lang='lat' dir='ltr'><strong>sanctus</strong></span> <span class='ocrx_word' id='word_1_82' title='bbox 412 1997 579 2078; x_wconf 81' lang='lat' dir='ltr'><strong>Remigius</strong></span> 
     </span>
    </p>
   </div>
   <div class='ocr_carea' id='block_1_8' title="bbox 97 2124 1215 2415">
    <p class='ocr_par' dir='ltr' id='par_1_8' title="bbox 97 2124 1215 2415">
     <span class='ocr_line' id='line_1_15' title="bbox 97 2124 1214 2207; baseline 0.003 -19"><span class='ocrx_word' id='word_1_83' title='bbox 97 2129 196 2207; x_wconf 84' lang='lat' dir='ltr'><strong>Cujus</strong></span> <span class='ocrx_word' id='word_1_84' title='bbox 208 2144 265 2207; x_wconf 88' lang='lat' dir='ltr'><strong>per</strong></span> <span class='ocrx_word' id='word_1_85' title='bbox 279 2124 544 2206; x_wconf 87' lang='lat' dir='ltr'><strong>sapientissimum</strong></span> <span class='ocrx_word' id='word_1_86' title='bbox 563 2124 747 2205; x_wconf 90' lang='lat' dir='ltr'><strong>consilium,</strong></span> <span class='ocrx_word' id='word_1_87' title='bbox 765 2161 804 2171; x_wconf 85' lang='lat'><em>-</em></span> <span class='ocrx_word' id='word_1_88' title='bbox 818 2125 859 2188; x_wconf 90' lang='lat' dir='ltr'><strong>ad</strong></span> <span class='ocrx_word' id='word_1_89' title='bbox 872 2126 1103 2205; x_wconf 83' lang='lat' dir='ltr'><strong>providendum</strong></span> <span class='ocrx_word' id='word_1_90' title='bbox 1116 2129 1214 2191; x_wconf 82' lang='lat' dir='ltr'><strong>futuri</strong></span> 
     </span>
     <span class='ocr_line' id='line_1_16' title="bbox 137 2227 1215 2311; baseline 0.004 -19"><span class='ocrx_word' id='word_1_91' title='bbox 137 2229 324 2292; x_wconf 90' lang='lat' dir='ltr'><strong>monasterii</strong></span> <span class='ocrx_word' id='word_1_92' title='bbox 334 2230 493 2307; x_wconf 92' lang='lat' dir='ltr'><strong>locum,-</strong></span> <span class='ocrx_word' id='word_1_93' title='bbox 500 2227 636 2290; x_wconf 83' lang='lat' dir='ltr'><strong>mittitur</strong></span> <span class='ocrx_word' id='word_1_94' title='bbox 647 2244 721 2290; x_wconf 92' lang='lat' dir='ltr'><strong>cum</strong></span> <span class='ocrx_word' id='word_1_95' title='bbox 731 2227 854 2307; x_wconf 91' lang='lat' dir='ltr'><strong>virgine</strong></span> <span class='ocrx_word' id='word_1_96' title='bbox 863 2228 1006 2311; x_wconf 89' lang='lat' dir='ltr'><strong>virg0,-</strong></span> <span class='ocrx_word' id='word_1_97' title='bbox 1014 2235 1129 2296; x_wconf 85' lang='lat' dir='ltr'><strong>Sancta</strong></span> <span class='ocrx_word' id='word_1_98' title='bbox 1141 2251 1215 2297; x_wconf 93' lang='lat' dir='ltr'><strong>cum</strong></span> 
     </span>
     <span class='ocr_line' id='line_1_17' title="bbox 137 2333 771 2415; baseline -0.009 -16"><span class='ocrx_word' id='word_1_99' title='bbox 137 2338 269 2415; x_wconf 90' lang='lat' dir='ltr'><strong>Sancto,</strong></span> <span class='ocrx_word' id='word_1_100' title='bbox 282 2337 479 2398; x_wconf 87' lang='lat' dir='ltr'><strong>-Susanna</strong></span> <span class='ocrx_word' id='word_1_101' title='bbox 497 2350 571 2395; x_wconf 93' lang='lat' dir='ltr'><strong>cum</strong></span> <span class='ocrx_word' id='word_1_102' title='bbox 588 2333 771 2396; x_wconf 80' lang='lat' dir='ltr'><strong>leuderico</strong></span> 
     </span>
    </p>
   </div>
   <div class='ocr_carea' id='block_1_9' title="bbox 95 2453 1215 2638">
    <p class='ocr_par' dir='ltr' id='par_1_9' title="bbox 95 2453 1215 2638">
     <span class='ocr_line' id='line_1_18' title="bbox 95 2453 1215 2537; baseline 0.006 -21"><span class='ocrx_word' id='word_1_103' title='bbox 95 2454 324 2517; x_wconf 83' lang='lat' dir='ltr'><strong>conscendunt</strong></span> <span class='ocrx_word' id='word_1_104' title='bbox 341 2453 447 2518; x_wconf 89' lang='lat' dir='ltr'><strong>silvosi</strong></span> <span class='ocrx_word' id='word_1_105' title='bbox 467 2454 585 2518; x_wconf 88' lang='lat' dir='ltr'><strong>montis</strong></span> <span class='ocrx_word' id='word_1_106' title='bbox 597 2453 766 2534; x_wconf 88' lang='lat' dir='ltr'><strong>verticem,</strong></span> <span class='ocrx_word' id='word_1_107' title='bbox 791 2490 832 2500; x_wconf 92' lang='lat'>-</span> <span class='ocrx_word' id='word_1_108' title='bbox 852 2454 885 2517; x_wconf 94' lang='lat' dir='ltr'><strong>in</strong></span> <span class='ocrx_word' id='word_1_109' title='bbox 903 2474 967 2536; x_wconf 87' lang='lat' dir='ltr'><strong>quo</strong></span> <span class='ocrx_word' id='word_1_110' title='bbox 985 2462 1094 2537; x_wconf 85' lang='lat' dir='ltr'><strong>postea</strong></span> <span class='ocrx_word' id='word_1_111' title='bbox 1116 2477 1215 2524; x_wconf 91' lang='lat' dir='ltr'><strong>cons-</strong></span> 
     </span>
     <span class='ocr_line' id='line_1_19' title="bbox 137 2557 881 2638; baseline -0.001 -17"><span class='ocrx_word' id='word_1_112' title='bbox 137 2561 301 2638; x_wconf 89' lang='lat' dir='ltr'><strong>tructum,</strong></span> <span class='ocrx_word' id='word_1_113' title='bbox 315 2593 355 2604; x_wconf 79' lang='grc'>-</span> <span class='ocrx_word' id='word_1_114' title='bbox 368 2561 400 2619; x_wconf 89' lang='lat' dir='ltr'><strong>et</strong></span> <span class='ocrx_word' id='word_1_115' title='bbox 416 2558 512 2622; x_wconf 89' lang='lat' dir='ltr'><strong>modo</strong></span> <span class='ocrx_word' id='word_1_116' title='bbox 523 2561 631 2620; x_wconf 90' lang='lat' dir='ltr'><strong>manet</strong></span> <span class='ocrx_word' id='word_1_117' title='bbox 643 2557 881 2620; x_wconf 87' lang='lat' dir='ltr'><strong>monasterium.</strong></span> 
     </span>
    </p>
   </div>
   <div class='ocr_carea' id='block_1_10' title="bbox 95 2677 1214 3071">
    <p class='ocr_par' dir='ltr' id='par_1_10' title="bbox 95 2677 1214 3071">
     <span class='ocr_line' id='line_1_20' title="bbox 95 2677 1210 2766; baseline 0.005 -24"><span class='ocrx_word' id='word_1_118' title='bbox 95 2680 159 2742; x_wconf 87' lang='lat' dir='ltr'><strong>illis</strong></span> <span class='ocrx_word' id='word_1_119' title='bbox 174 2682 283 2742; x_wconf 89' lang='lat' dir='ltr'><strong>autem</strong></span> <span class='ocrx_word' id='word_1_120' title='bbox 297 2677 515 2741; x_wconf 88' lang='lat' dir='ltr'><strong>dubitantibus</strong></span> <span class='ocrx_word' id='word_1_121' title='bbox 525 2714 565 2724; x_wconf 85' lang='lat'><strong>—</strong></span> <span class='ocrx_word' id='word_1_122' title='bbox 578 2678 632 2742; x_wconf 94' lang='lat' dir='ltr'><strong>ubi</strong></span> <span class='ocrx_word' id='word_1_123' title='bbox 653 2682 891 2743; x_wconf 83' lang='lat' dir='ltr'><strong>construeretur</strong></span> <span class='ocrx_word' id='word_1_124' title='bbox 904 2682 1056 2745; x_wconf 91' lang='lat' dir='ltr'><strong>orationis</strong></span> <span class='ocrx_word' id='word_1_125' title='bbox 1078 2683 1210 2766; x_wconf 90' lang='lat' dir='ltr'><strong>domus,</strong></span> 
     </span>
     <span class='ocr_line' id='line_1_21' title="bbox 135 2783 1214 2866; baseline 0.001 -16"><span class='ocrx_word' id='word_1_126' title='bbox 135 2785 245 2850; x_wconf 92' lang='lat' dir='ltr'><strong>-ubi</strong></span> <span class='ocrx_word' id='word_1_127' title='bbox 259 2785 375 2847; x_wconf 90' lang='lat' dir='ltr'><strong>deinde</strong></span> <span class='ocrx_word' id='word_1_128' title='bbox 388 2786 478 2864; x_wconf 85' lang='lat' dir='ltr'><strong>septa</strong></span> <span class='ocrx_word' id='word_1_129' title='bbox 491 2783 620 2847; x_wconf 90' lang='lat' dir='ltr'><strong>claustri</strong></span> <span class='ocrx_word' id='word_1_130' title='bbox 630 2831 639 2865; x_wconf 90' lang='lat'><strong>,</strong></span> <span class='ocrx_word' id='word_1_131' title='bbox 649 2819 694 2848; x_wconf 76' lang='grc'><strong>,-</strong></span> <span class='ocrx_word' id='word_1_132' title='bbox 707 2784 760 2845; x_wconf 93' lang='lat' dir='ltr'><strong>ubi</strong></span> <span class='ocrx_word' id='word_1_133' title='bbox 772 2787 864 2864; x_wconf 90' lang='lat' dir='ltr'><strong>porta</strong></span> <span class='ocrx_word' id='word_1_134' title='bbox 876 2785 1075 2866; x_wconf 83' lang='lat' dir='ltr'><strong>monasterii,</strong></span> <span class='ocrx_word' id='word_1_135' title='bbox 1091 2822 1134 2832; x_wconf 90' lang='lat'><em>-</em></span> <span class='ocrx_word' id='word_1_136' title='bbox 1145 2789 1214 2851; x_wconf 89' lang='lat' dir='ltr'><strong>mit-</strong></span> 
     </span>
     <span class='ocr_line' id='line_1_22' title="bbox 137 2886 1213 2970; baseline 0.001 -19"><span class='ocrx_word' id='word_1_137' title='bbox 137 2890 216 2951; x_wconf 88' lang='lat' dir='ltr'><strong>titur</strong></span> <span class='ocrx_word' id='word_1_138' title='bbox 229 2889 269 2951; x_wconf 91' lang='lat' dir='ltr'><strong>de</strong></span> <span class='ocrx_word' id='word_1_139' title='bbox 282 2887 485 2967; x_wconf 82' lang='lat' dir='ltr'><strong>sublimibus,</strong></span> <span class='ocrx_word' id='word_1_140' title='bbox 499 2922 539 2932; x_wconf 93' lang='lat'>-</span> <span class='ocrx_word' id='word_1_141' title='bbox 553 2887 651 2966; x_wconf 83' lang='lat' dir='ltr'><strong>aliger</strong></span> <span class='ocrx_word' id='word_1_142' title='bbox 670 2886 839 2949; x_wconf 77' lang='lat' dir='ltr'><strong>missus-</strong></span> <span class='ocrx_word' id='word_1_143' title='bbox 859 2905 878 2948; x_wconf 88' lang='lat' dir='ltr'><strong>a</strong></span> <span class='ocrx_word' id='word_1_144' title='bbox 892 2905 956 2968; x_wconf 92' lang='lat' dir='ltr'><strong>quo</strong></span> <span class='ocrx_word' id='word_1_145' title='bbox 970 2889 1159 2970; x_wconf 74' lang='lat' dir='ltr'><strong>landerice,</strong></span> <span class='ocrx_word' id='word_1_146' title='bbox 1173 2928 1213 2940; x_wconf 85' lang='lat'><em>-</em></span> 
     </span>
     <span class='ocr_line' id='line_1_23' title="bbox 136 2989 1020 3071; baseline -0.005 -16"><span class='ocrx_word' id='word_1_147' title='bbox 136 2993 262 3056; x_wconf 92' lang='lat' dir='ltr'><strong>coelum</strong></span> <span class='ocrx_word' id='word_1_148' title='bbox 275 3007 447 3071; x_wconf 77' lang='lat' dir='ltr'><strong>scansuro,</strong></span> <span class='ocrx_word' id='word_1_149' title='bbox 461 3024 502 3035; x_wconf 90' lang='lat'>—</span> <span class='ocrx_word' id='word_1_150' title='bbox 515 2989 756 3068; x_wconf 86' lang='lat' dir='ltr'><strong>consignaretur</strong></span> <span class='ocrx_word' id='word_1_151' title='bbox 769 2990 802 3051; x_wconf 92' lang='lat' dir='ltr'><strong>in</strong></span> <span class='ocrx_word' id='word_1_152' title='bbox 815 2989 908 3051; x_wconf 89' lang='lat' dir='ltr'><strong>terris</strong></span> <span class='ocrx_word' id='word_1_153' title='bbox 920 2991 1020 3053; x_wconf 92' lang='lat' dir='ltr'><strong>locus.</strong></span> 
     </span>
    </p>
   </div>
   <div class='ocr_carea' id='block_1_11' title="bbox 93 3107 1211 3504">
    <p class='ocr_par' dir='ltr' id='par_1_11' title="bbox 93 3107 1211 3504">
     <span class='ocr_line' id='line_1_24' title="bbox 93 3107 1209 3195; baseline 0 -20"><span class='ocrx_word' id='word_1_154' title='bbox 93 3117 166 3176; x_wconf 86' lang='lat' dir='ltr'><strong>Jam</strong></span> <span class='ocrx_word' id='word_1_155' title='bbox 178 3116 255 3176; x_wconf 91' lang='lat' dir='ltr'><strong>tunc</strong></span> <span class='ocrx_word' id='word_1_156' title='bbox 266 3114 386 3174; x_wconf 88' lang='lat' dir='ltr'><strong>laetum</strong></span> <span class='ocrx_word' id='word_1_157' title='bbox 397 3109 543 3191; x_wconf 91' lang='lat' dir='ltr'><strong>primitus</strong></span> <span class='ocrx_word' id='word_1_158' title='bbox 552 3125 647 3172; x_wconf 93' lang='lat' dir='ltr'><strong>omen</strong></span> <span class='ocrx_word' id='word_1_159' title='bbox 657 3107 802 3188; x_wconf 88' lang='lat' dir='ltr'><strong>apparuit</strong></span> <span class='ocrx_word' id='word_1_160' title='bbox 812 3157 820 3189; x_wconf 95' lang='lat'><strong>,</strong></span> <span class='ocrx_word' id='word_1_161' title='bbox 832 3125 955 3171; x_wconf 83' lang='lat' dir='ltr'><strong>—cum</strong></span> <span class='ocrx_word' id='word_1_162' title='bbox 966 3109 1119 3190; x_wconf 86' lang='lat' dir='ltr'><strong>mysticus</strong></span> <span class='ocrx_word' id='word_1_163' title='bbox 1128 3113 1209 3195; x_wconf 90' lang='lat' dir='ltr'><strong>ales,</strong></span> 
     </span>
     <span class='ocr_line' id='line_1_25' title="bbox 135 3209 1211 3298; baseline -0.001 -19"><span class='ocrx_word' id='word_1_164' title='bbox 135 3215 244 3296; x_wconf 87' lang='lat' dir='ltr'><strong>aquila</strong></span> <span class='ocrx_word' id='word_1_165' title='bbox 256 3219 318 3298; x_wconf 90' lang='lat'><strong>(1),</strong></span> <span class='ocrx_word' id='word_1_166' title='bbox 341 3213 492 3294; x_wconf 90' lang='lat' dir='ltr'><strong>patiando</strong></span> <span class='ocrx_word' id='word_1_167' title='bbox 507 3211 631 3294; x_wconf 89' lang='lat' dir='ltr'><strong>girans,</strong></span> <span class='ocrx_word' id='word_1_168' title='bbox 650 3246 691 3256; x_wconf 85' lang='lat'><strong>—-</strong></span> <span class='ocrx_word' id='word_1_169' title='bbox 706 3213 739 3273; x_wconf 86' lang='lat' dir='ltr'><strong>ct</strong></span> <span class='ocrx_word' id='word_1_170' title='bbox 752 3209 885 3290; x_wconf 87' lang='lat' dir='ltr'><strong>girando</strong></span> <span class='ocrx_word' id='word_1_171' title='bbox 899 3213 1028 3294; x_wconf 78' lang='lat' dir='ltr'><strong>volanS,</strong></span> <span class='ocrx_word' id='word_1_172' title='bbox 1049 3248 1089 3259; x_wconf 88' lang='lat'><strong>—</strong></span> <span class='ocrx_word' id='word_1_173' title='bbox 1106 3234 1211 3297; x_wconf 84' lang='lat' dir='ltr'><strong>quun-</strong></span> 
     </span>
     <span class='ocr_line' id='line_1_26' title="bbox 135 3315 1208 3401; baseline 0.002 -21"><span class='ocrx_word' id='word_1_174' title='bbox 135 3324 207 3382; x_wconf 91' lang='lat' dir='ltr'><strong>tum</strong></span> <span class='ocrx_word' id='word_1_175' title='bbox 220 3318 255 3380; x_wconf 94' lang='lat' dir='ltr'><strong>in</strong></span> <span class='ocrx_word' id='word_1_176' title='bbox 269 3317 335 3398; x_wconf 89' lang='lat' dir='ltr'><strong>ipse</strong></span> <span class='ocrx_word' id='word_1_177' title='bbox 347 3317 422 3399; x_wconf 85' lang='lat' dir='ltr'><strong>fuit,</strong></span> <span class='ocrx_word' id='word_1_178' title='bbox 436 3319 593 3380; x_wconf 89' lang='lat' dir='ltr'><strong>—locum</strong></span> <span class='ocrx_word' id='word_1_179' title='bbox 606 3315 787 3378; x_wconf 90' lang='lat' dir='ltr'><strong>monasterii</strong></span> <span class='ocrx_word' id='word_1_180' title='bbox 802 3333 967 3399; x_wconf 85' lang='lat' dir='ltr'><strong>capacem,</strong></span> <span class='ocrx_word' id='word_1_181' title='bbox 989 3335 1101 3382; x_wconf 88' lang='lat' dir='ltr'><strong>secans</strong></span> <span class='ocrx_word' id='word_1_182' title='bbox 1118 3337 1208 3401; x_wconf 90' lang='lat' dir='ltr'><strong>aera,</strong></span> 
     </span>
     <span class='ocr_line' id='line_1_27' title="bbox 134 3415 976 3504; baseline -0.005 -16"><span class='ocrx_word' id='word_1_183' title='bbox 134 3422 324 3504; x_wconf 85' lang='lat' dir='ltr'><strong>designavit.</strong></span> <span class='ocrx_word' id='word_1_184' title='bbox 973 3415 976 3420; x_wconf 77' lang='grc'><strong>’</strong></span> 
     </span>
    </p>
   </div>
   <div class='ocr_carea' id='block_1_12' title="bbox 92 3548 1208 3739">
    <p class='ocr_par' dir='ltr' id='par_1_12' title="bbox 92 3548 1208 3739">
     <span class='ocr_line' id='line_1_28' title="bbox 92 3548 1208 3633; baseline 0 -15"><span class='ocrx_word' id='word_1_185' title='bbox 92 3559 131 3618; x_wconf 85' lang='lat' dir='ltr'><strong>Et</strong></span> <span class='ocrx_word' id='word_1_186' title='bbox 145 3558 184 3617; x_wconf 93' lang='lat' dir='ltr'><strong>ut</strong></span> <span class='ocrx_word' id='word_1_187' title='bbox 198 3552 365 3633; x_wconf 90' lang='lat' dir='ltr'><strong>specialius</strong></span> <span class='ocrx_word' id='word_1_188' title='bbox 377 3551 560 3615; x_wconf 88' lang='lat' dir='ltr'><strong>ostenderet</strong></span> <span class='ocrx_word' id='word_1_189' title='bbox 569 3587 610 3594; x_wconf 90' lang='lat'><em>-</em></span> <span class='ocrx_word' id='word_1_190' title='bbox 621 3548 697 3628; x_wconf 91' lang='lat' dir='ltr'><strong>quid</strong></span> <span class='ocrx_word' id='word_1_191' title='bbox 707 3548 857 3611; x_wconf 87' lang='lat' dir='ltr'><strong>Dominus</strong></span> <span class='ocrx_word' id='word_1_192' title='bbox 871 3552 976 3632; x_wconf 89' lang='lat' dir='ltr'><strong>vellet,</strong></span> <span class='ocrx_word' id='word_1_193' title='bbox 988 3554 1100 3614; x_wconf 89' lang='lat' dir='ltr'><strong>-iere</strong></span> <span class='ocrx_word' id='word_1_194' title='bbox 1113 3555 1208 3618; x_wconf 92' lang='lat' dir='ltr'><strong>unius</strong></span> 
     </span>
     <span class='ocr_line' id='line_1_29' title="bbox 134 3653 1208 3739; baseline -0.004 -15"><span class='ocrx_word' id='word_1_195' title='bbox 134 3664 236 3725; x_wconf 91' lang='lat' dir='ltr'><strong>borae</strong></span> <span class='ocrx_word' id='word_1_196' title='bbox 258 3659 361 3739; x_wconf 88' lang='lat' dir='ltr'><strong>spatio</strong></span> <span class='ocrx_word' id='word_1_197' title='bbox 375 3676 469 3738; x_wconf 92' lang='lat' dir='ltr'><strong>supra</strong></span> <span class='ocrx_word' id='word_1_198' title='bbox 484 3655 537 3718; x_wconf 91' lang='lat' dir='ltr'><strong>ubi</strong></span> <span class='ocrx_word' id='word_1_199' title='bbox 550 3653 681 3718; x_wconf 85' lang='lat' dir='ltr'><strong>ecclesia</strong></span> <span class='ocrx_word' id='word_1_200' title='bbox 696 3653 837 3716; x_wconf 89' lang='lat' dir='ltr'><strong>construi</strong></span> <span class='ocrx_word' id='word_1_201' title='bbox 852 3654 972 3736; x_wconf 91' lang='lat' dir='ltr'><strong>debuit,</strong></span> <span class='ocrx_word' id='word_1_202' title='bbox 987 3692 1026 3703; x_wconf 85' lang='lat'><em>-</em></span> <span class='ocrx_word' id='word_1_203' title='bbox 1040 3658 1133 3721; x_wconf 85' lang='lat' dir='ltr'><strong>lentis</strong></span> <span class='ocrx_word' id='word_1_204' title='bbox 1151 3680 1208 3725; x_wconf 89' lang='lat' dir='ltr'><strong>vo-</strong></span> 
     </span>
    </p>
   </div>
   <div class='ocr_carea' id='block_1_13' title="bbox 95 3764 1213 4147">
    <p class='ocr_par' dir='ltr' id='par_1_13' title="bbox 95 3764 1213 4147">
     <span class='ocr_line' id='line_1_30' title="bbox 132 3764 362 3832; baseline -0.03 0"><span class='ocrx_word' id='word_1_205' title='bbox 132 3768 254 3832; x_wconf 88' lang='lat' dir='ltr'><strong>latibus</strong></span> <span class='ocrx_word' id='word_1_206' title='bbox 267 3764 362 3826; x_wconf 83' lang='lat' dir='ltr'><strong>stetit</strong></span> 
     </span>
     <span class='ocr_line' id='line_1_31' title="bbox 95 3884 1209 3969; baseline -0.01 -8"><span class='ocrx_word' id='word_1_207' title='bbox 95 3898 187 3961; x_wconf 85' lang='lat' dir='ltr'><strong>Libet</strong></span> <span class='ocrx_word' id='word_1_208' title='bbox 199 3890 421 3969; x_wconf 86' lang='lat' dir='ltr'><strong>considerare,</strong></span> <span class='ocrx_word' id='word_1_209' title='bbox 436 3884 592 3948; x_wconf 81' lang='lat' dir='ltr'><strong>carissimi</strong></span> <span class='ocrx_word' id='word_1_210' title='bbox 605 3921 644 3932; x_wconf 88' lang='lat'><strong>-</strong></span> <span class='ocrx_word' id='word_1_211' title='bbox 658 3888 778 3965; x_wconf 86' lang='lat' dir='ltr'><strong>quanta</strong></span> <span class='ocrx_word' id='word_1_212' title='bbox 791 3886 831 3947; x_wconf 88' lang='lat' dir='ltr'><strong>sit</strong></span> <span class='ocrx_word' id='word_1_213' title='bbox 845 3885 983 3966; x_wconf 88' lang='lat' dir='ltr'><strong>dignitas</strong></span> <span class='ocrx_word' id='word_1_214' title='bbox 996 3888 1086 3951; x_wconf 89' lang='lat' dir='ltr'><strong>istius</strong></span> <span class='ocrx_word' id='word_1_215' title='bbox 1099 3889 1160 3953; x_wconf 90' lang='lat' dir='ltr'><strong>loci</strong></span> <span class='ocrx_word' id='word_1_216' title='bbox 1169 3925 1209 3936; x_wconf 89' lang='lat'><em>-</em></span> 
     </span>
     <span class='ocr_line' id='line_1_32' title="bbox 124 4077 1213 4147; baseline -0.005 -18"><span class='ocrx_word' id='word_1_217' title='bbox 124 4090 159 4147; x_wconf 73' lang='lat' dir='ltr'><strong>(a)</strong></span> <span class='ocrx_word' id='word_1_218' title='bbox 173 4085 257 4143; x_wconf 77' lang='lat' dir='ltr'><strong>L’aiglc</strong></span> <span class='ocrx_word' id='word_1_219' title='bbox 279 4082 334 4128; x_wconf 79' lang='lat' dir='ltr'><strong>ttait</strong></span> <span class='ocrx_word' id='word_1_220' title='bbox 356 4094 386 4126; x_wconf 87' lang='lat' dir='ltr'><strong>un</strong></span> <span class='ocrx_word' id='word_1_221' title='bbox 408 4079 486 4125; x_wconf 78' lang='lat' dir='ltr'><strong>oisaau</strong></span> <span class='ocrx_word' id='word_1_222' title='bbox 506 4077 636 4133; x_wconf 71' lang='lat' dir='ltr'><strong>mytbiquc,</strong></span> <span class='ocrx_word' id='word_1_223' title='bbox 674 4078 881 4134; x_wconf 81' lang='lat' dir='ltr'><strong>gnificationqu’au</strong></span> <span class='ocrx_word' id='word_1_224' title='bbox 895 4079 1213 4136; x_wconf 74' lang='lat' dir='ltr'><strong>pheni13P1uumecxxxix,</strong></span> 
     </span>
    </p>
   </div>
   <div class='ocr_carea' id='block_1_14' title="bbox 93 4131 1211 4310">
    <p class='ocr_par' dir='ltr' id='par_1_14' title="bbox 93 4131 1211 4310">
     <span class='ocr_line' id='line_1_33' title="bbox 93 4131 1211 4199; baseline -0.011 0"><span class='ocrx_word' id='word_1_225' title='bbox 93 4164 183 4199; x_wconf 85' lang='lat' dir='ltr'><strong>comme</strong></span> <span class='ocrx_word' id='word_1_226' title='bbox 194 4162 226 4194; x_wconf 89' lang='lat' dir='ltr'><strong>on</strong></span> <span class='ocrx_word' id='word_1_227' title='bbox 235 4149 256 4192; x_wconf 84' lang='lat' dir='ltr'><strong>la</strong></span> <span class='ocrx_word' id='word_1_228' title='bbox 270 4147 316 4192; x_wconf 87' lang='lat' dir='ltr'><strong>volt</strong></span> <span class='ocrx_word' id='word_1_229' title='bbox 327 4145 382 4188; x_wconf 90' lang='lat' dir='ltr'><strong>dans</strong></span> <span class='ocrx_word' id='word_1_230' title='bbox 390 4131 479 4198; x_wconf 67' lang='lat' dir='ltr'><strong>lituste,</strong></span> <span class='ocrx_word' id='word_1_231' title='bbox 487 4152 508 4185; x_wconf 84' lang='lat' dir='ltr'><strong>r.</strong></span> <span class='ocrx_word' id='word_1_232' title='bbox 521 4145 535 4184; x_wconf 76' lang='lat'><em>2</em></span> <span class='ocrx_word' id='word_1_233' title='bbox 546 4138 638 4194; x_wconf 77' lang='lat' dir='ltr'><strong>ctlloa&#39;s,</strong></span> <span class='ocrx_word' id='word_1_234' title='bbox 675 4151 697 4182; x_wconf 91' lang='lat' dir='ltr'><strong>v.</strong></span> <span class='ocrx_word' id='word_1_235' title='bbox 706 4145 734 4193; x_wconf 75' lang='lat'><strong>63</strong></span> <span class='ocrx_word' id='word_1_236' title='bbox 747 4139 815 4193; x_wconf 82' lang='lat' dir='ltr'><strong>lente,</strong></span> <span class='ocrx_word' id='word_1_237' title='bbox 825 4139 862 4183; x_wconf 87' lang='lat' dir='ltr'><strong>cb.</strong></span> <span class='ocrx_word' id='word_1_238' title='bbox 872 4151 910 4195; x_wconf 78' lang='lat' dir='ltr'><strong>xc,</strong></span> <span class='ocrx_word' id='word_1_239' title='bbox 918 4154 940 4185; x_wconf 83' lang='lat' dir='ltr'><strong>v.</strong></span> <span class='ocrx_word' id='word_1_240' title='bbox 950 4147 975 4186; x_wconf 80' lang='lat' dir='ltr'><strong>:tl</strong></span> <span class='ocrx_word' id='word_1_241' title='bbox 987 4155 993 4184; x_wconf 75' lang='grc' dir='ltr'><strong>ε</strong></span> <span class='ocrx_word' id='word_1_242' title='bbox 1009 4154 1076 4198; x_wconf 70' lang='lat' dir='ltr'><strong>noyez</strong></span> <span class='ocrx_word' id='word_1_243' title='bbox 1086 4143 1147 4185; x_wconf 84' lang='lat' dir='ltr'><strong>aussi</strong></span> <span class='ocrx_word' id='word_1_244' title='bbox 1159 4145 1211 4187; x_wconf 82' lang='lat' dir='ltr'><strong>trois</strong></span> 
     </span>
     <span class='ocr_line' id='line_1_34' title="bbox 93 4200 1105 4310; baseline -0.015 -51"><span class='ocrx_word' id='word_1_245' title='bbox 93 4222 108 4262; x_wconf 90' lang='grc' dir='ltr'><strong>Ι.</strong></span> <span class='ocrx_word' id='word_1_246' title='bbox 124 4228 151 4267; x_wconf 84' lang='grc' dir='ltr'><strong>ιι,</strong></span> <span class='ocrx_word' id='word_1_247' title='bbox 170 4214 206 4256; x_wconf 88' lang='lat' dir='ltr'><strong>cb.</strong></span> <span class='ocrx_word' id='word_1_248' title='bbox 221 4215 250 4264; x_wconf 83' lang='lat'><strong>9;</strong></span> <span class='ocrx_word' id='word_1_249' title='bbox 269 4219 297 4251; x_wconf 93' lang='lat' dir='ltr'><strong>on</strong></span> <span class='ocrx_word' id='word_1_250' title='bbox 315 4206 346 4250; x_wconf 93' lang='lat' dir='ltr'><strong>lui</strong></span> <span class='ocrx_word' id='word_1_251' title='bbox 359 4205 474 4249; x_wconf 84' lang='lat' dir='ltr'><strong>attribuait</strong></span> <span class='ocrx_word' id='word_1_252' title='bbox 488 4203 508 4246; x_wconf 91' lang='lat' dir='ltr'><strong>la</strong></span> <span class='ocrx_word' id='word_1_253' title='bbox 523 4205 595 4245; x_wconf 76' lang='lat' dir='ltr'><strong>meme</strong></span> <span class='ocrx_word' id='word_1_254' title='bbox 606 4202 637 4245; x_wconf 89' lang='lat' dir='ltr'><strong>si·</strong></span> <span class='ocrx_word' id='word_1_255' title='bbox 675 4201 774 4256; x_wconf 80' lang='lat' dir='ltr'><strong>stropbcs</strong></span> <span class='ocrx_word' id='word_1_256' title='bbox 784 4200 833 4258; x_wconf 83' lang='lat' dir='ltr'><strong>plus</strong></span> <span class='ocrx_word' id='word_1_257' title='bbox 844 4201 891 4244; x_wconf 85' lang='lat' dir='ltr'><strong>bas.</strong></span> <span class='ocrx_word' id='word_1_258' title='bbox 1088 4258 1105 4310; x_wconf 72' lang='grc'>5</span> 
     </span>
    </p>
   </div>
   <div class='ocr_carea' id='block_1_15' title="bbox 0 0 1468 4952">
    <p class='ocr_par' dir='ltr' id='par_1_15' title="bbox 0 0 1468 4952">
     <span class='ocr_line' id='line_1_35' title="bbox 0 0 1468 4952; baseline 0 0"><span class='ocrx_word' id='word_1_259' title='bbox 0 0 1468 4952; x_wconf 95' lang='lat' dir='ltr'><strong> </strong></span> 
     </span>
    </p>
   </div>
  </div>
 </body>
</html>
