2902 4940
707 461 871 516 -216—

465 609 525 669 ego
540 587 595 650 tibi
607 604 693 650 nuuc
704 586 838 666 propino

545 696 584 757 de
597 695 681 757 bona
695 692 877 756 eoncordia.

466 832 550 894 Dixit
562 833 665 893 Abbas
677 831 718 893 ad
731 829 867 892 Prioris:

465 940 511 998 Tu
523 953 558 998 es
569 936 665 998 homo
676 934 753 998 boni
763 931 883 1010 muris⁷

467 1040 540 1122 quia
554 1057 680 1119 semper
693 1038 827 1102 sanioris

545 1142 622 1204 mibi
638 1142 695 1205 das
708 1140 849 1204 consilia.

463 1303 537 1363 Post
550 1300 741 1379 completum
755 1296 894 1375 rediere,

466 1408 498 1467 et
511 1403 674 1467 curriuurn
688 1400 867 1466 combibere
880 1450 892 1481 ,

466 1513 657 1591 potaverunt
670 1527 770 1589 usque
783 1511 860 1572 flere

546 1620 673 1696 propter
686 1618 781 1695 potus
792 1616 937 1696 plurima.

468 1756 556 1819 Prior
570 1756 650 1818 dixit
663 1755 706 1816 ad
718 1754 864 1816 Abbatis=

471 1860 531 1939 ipsi
544 1860 663 1922 babent
675 1860 784 1923 vinum
796 1858 873 1920 satis
885 1885 892 1934 ς

471 1965 566 2027 vultis
580 1964 655 2026 dare
668 1964 861 2043 paupertatis

551 2073 659 2130 noster
672 2071 767 2146 potus
781 2068 906 2131 omnia?

473 2197 554 2271 Quid
568 2213 628 2260 nos
641 2200 764 2275 spectat
776 2198 992 2280 paupertatis?

473 2302 573 2363 Habet
583 2317 707 2381 parum,
722 2302 819 2362 babet
829 2300 920 2380 satis,

473 2407 641 2484 postquam
654 2403 741 2468 venit
752 2422 819 2467 non
838 2404 959 2468 vocatis
972 2454 980 2484 ,

556 2506 597 2568 ad
611 2509 719 2568 noster
733 2506 886 2571 convivia.

477 2638 507 2704 Si
522 2640 678 2702 nutritum
691 2642 775 2702 esset
787 2642 889 2721 bene,

477 2761 537 2806 nec
550 2743 592 2806 ad
603 2743 693 2806 cibus
705 2761 765 2806 nec
780 2744 822 2805 ad
836 2761 954 2806 coenae

479 2847 616 2910 venisset
629 2865 686 2926 pro
701 2846 817 2910 marcis
831 2847 950 2925 denae,

558 2951 617 3015 nisi
631 2970 687 3031 per
699 2951 852 3032 precaria.

480 3086 580 3147 Habet
592 3089 718 3148 tantum
730 3087 770 3148 de
782 3085 834 3147 bic
845 3089 950 3165 potus,

480 3185 567 3265 quod
581 3190 758 3251 conventus
770 3187 851 3249 bibit
865 3191 969 3268 totus,

481 3291 514 3349 et
528 3293 684 3367 cognatus
697 3292 730 3352 et
742 3291 890 3370 ignotus,

563 3385 602 3447 de
615 3387 720 3465 aegris
734 3387 873 3451 servisia.

945 3477 950 3500 .

484 3533 588 3596 Abbas
601 3535 700 3598 vomit
712 3541 745 3600 et
757 3537 891 3619 Prioris3

484 3643 586 3707 vomis
597 3643 682 3707 cadit
696 3663 791 3726 super
804 3647 908 3727 floris3

485 3765 545 3827 ego
558 3765 678 3828 pauper
689 3749 761 3812 steti
775 3750 868 3829 foris,

565 3851 598 3910 et
608 3866 674 3911 nou
687 3866 760 3911 sum
771 3849 900 3911 laetitia.

485 3993 604 4051 Rumor
617 3987 703 4051 venit
716 3988 756 4050 ad
770 3988 916 4067 mistis,

486 4087 572 4167 quod
585 4082 798 4151 Abbatis'ieeit
812 4087 896 4166 istis3
