2892 4940
559 475 597 482 —-
616 446 669 500 127
684 473 719 483 —

222 574 338 649 Surge,
359 585 473 648 surge,
497 566 609 646 vigila,
634 583 757 647 semper
769 569 838 630 esto
856 573 995 648 paratus.

221 705 255 764 ln
270 703 329 763 bac
343 700 407 763 vita
421 698 563 763 nascitur
576 698 624 762 vir
637 698 739 762 omnis
753 717 826 762 cum
837 717 1000 781 moerore,

221 810 252 868 ct
266 806 299 869 in
313 807 410 870 vitam
426 806 554 868 ducitur
565 808 705 868 humano
720 824 793 868 cum
804 808 928 887 labore,

221 916 252 975 et
264 916 336 992 post
349 912 447 976 vitam
460 911 618 974 clauditur
632 929 706 974 cum
719 912 839 974 luneris
851 914 970 977 dolore.

220 1022 335 1098 Surge,
350 1036 462 1100 surge,
476 1017 585 1100 vigila,
601 1035 725 1098 semper
737 1022 806 1081 esto
818 1023 956 1099 paratus.

220 1152 249 1216 Si
263 1169 436 1216 conversus
452 1153 549 1215 fueris
563 1157 595 1214 ct
608 1154 695 1216 velut
706 1171 786 1232 puer
798 1157 945 1235 sanctus,

220 1261 252 1320 et
262 1257 360 1321 vitam
373 1258 544 1321 mutaveris
557 1257 590 1320 in
605 1258 752 1322 meliores
766 1261 875 1338 actus,

219 1363 266 1426 sic
279 1364 397 1427 intrare
409 1365 528 1444 poteris
541 1382 675 1446 regnum
687 1365 740 1428 Dei
753 1366 875 1428 beatus

219 1473 337 1549 Surge,
352 1489 464 1553 surge,
479 1470 594 1552 vigila,
609 1489 732 1551 semper
745 1476 814 1534 esto
827 1476 968 1552 paratus.

556 1695 672 1769 Autrc(
694 1699 714 1770 ).

76 1861 197 1924 Audiat
209 1863 339 1926 auribus
350 1864 571 1944 interioribus,
594 1863 702 1926 audiat
715 1864 817 1944 orbis,

77 1965 167 2028 orbis
179 1970 216 2028 ut
230 1966 332 2029 orbita
347 1967 481 2030 vertitur
492 1967 525 2029 in
540 1967 601 2030 cita
618 1967 744 2030 turbine
758 1966 890 2029 mortis!

76 2069 235 2130 Praeterit
245 2072 279 2131 et
294 2069 376 2149 perit
391 2075 423 2132 ct
436 2071 584 2133 nebulam
599 2070 680 2150 gerit
693 2070 777 2132 orbis
791 2087 979 2150 amoenum,

78 2171 203 2234 tollitur
216 2176 261 2248 (2)
275 2173 364 2236 ocius
377 2173 443 2254 ipsc
456 2175 506 2236 vel
520 2173 618 2254 ipsius
635 2191 729 2236 omne
743 2190 900 2235 serenum.

78 2274 169 2338 Orbis
182 2276 286 2338 bonor
300 2276 376 2339 levis
388 2281 452 2358 est,
468 2281 593 2340 atomus
604 2277 708 2340 brevis
722 2280 755 2339 et
766 2269 862 2340 br‘eve
874 2278 1012 2356 festum,

78 2379 123 2440 nil
138 2380 195 2441 dat
209 2375 359 2462 amabile,
374 2381 419 2443 nil
432 2386 517 2444 amat
531 2383 626 2464 utile,
640 2382 724 2444 ridet
737 2382 928 2461 honestum,

77 2485 240 2562 Hostequc
254 2484 410 2565 corporis,
426 2485 581 2565 hosteque
594 2485 747 2567 pectoris,
768 2484 854 2547 intus
866 2486 898 2545 et
910 2486 1017 2563 cxtra,

76 2586 206 2648 horruit
219 2586 262 2660 (3)
276 2587 401 2668 aridus,
416 2587 500 2650 aruit
515 2588 682 2670 horridus,
697 2593 730 2651 et
741 2606 798 2650 sua
814 2589 904 2649 lesta.

77 2691 170 2754 Orbis
185 2709 276 2754 amor
286 2693 383 2774 perit,
400 2697 497 2773 atque
509 2710 584 2755 suos
598 2694 672 2754 terit
686 2692 771 2755 orbis
785 2693 929 2752 amantes
1004 2773 1009 2784 .

76 2802 109 2860 ct
121 2816 182 2860 sua
198 2798 333 2879 gaudia,
348 2798 465 2876 gaudia
481 2797 601 2879 tristia,
616 2814 692 2861 vera
706 2799 864 2876 putantes.

76 2902 306 2982 Evigilabimus
319 2921 361 2965 an
374 2902 607 2964 remanebimus
621 2902 653 2963 in
668 2902 722 2962 lue
735 2898 865 2977 mundi,

75 3024 176 3086 quem
190 3009 277 3085 patet
297 3005 443 3084 ignibus,
459 3002 685 3083 alluvionibus,
705 3003 798 3063 hoste
811 3000 960 3061 retundi?

75 3112 161 3188 Quid
174 3130 274 3192 vaga,
296 3110 374 3192 quid
385 3128 439 3172 rea
453 3110 551 3174 corda
565 3109 676 3172 colunt
687 3126 724 3171 ea
736 3125 819 3188 quae
830 3105 909 3169 nibil
923 3110 1072 3171 exstant?

76 3225 168 3295 Quae
179 3219 275 3280 brcvc
286 3217 454 3298 plaudere,
469 3233 534 3279 non
545 3217 641 3278 breve
653 3216 821 3294 plangere,
835 3216 909 3292 post
917 3213 1012 3276 breve
1022 3218 1194 3295 praestant.

76 3327 142 3386 Cur
156 3338 251 3402 caro,
271 3321 435 3402 proximus
449 3320 531 3400 ignis
545 3322 577 3382 ct
589 3319 719 3382 intimus
733 3315 855 3398 hostia,
871 3321 1018 3381 amatur?

76 3427 191 3492 Carnis
204 3444 294 3489 amor
307 3427 405 3506 perit,
421 3428 470 3488 est
483 3443 574 3505 rosa,
592 3426 665 3488 laer
679 3424 758 3504 erit,
774 3440 851 3502 crgo
863 3421 1015 3501 spuatur!

77 3537 103 3596 0
118 3551 197 3598 caro
213 3532 366 3612 candida,
381 3533 453 3611 post
462 3531 558 3594 breve
570 3529 683 3610 fetida,
698 3529 853 3609 plenaque
866 3526 982 3589 faecis!

77 3644 152 3705 Flos
166 3639 282 3718 modo,
297 3655 374 3700 mox
388 3636 482 3698 limus
496 3639 528 3697 ct
540 3636 634 3698 simus
647 3633 793 3710 iniimus,
809 3632 894 3694 undc
908 3630 1079 3694 tumescis?

105 3865 134 3919 (l)
158 3861 185 3908 B.
204 3863 235 3907 ll.
258 3866 364 3912 1102319,
388 3857 422 3904 iol
440 3862 482 3908 Β,
501 3869 579 3908 verso,
598 3863 621 3902 ct
655 3855 677 3900 lc
693 3855 727 3900 De
742 3855 874 3910 contemptu
891 3851 976 3896 mundi
990 3851 1196 3900 teneramunda

78 3934 108 3970 u⁰
119 3929 185 3978 2³2⁰,
201 3923 238 3968 lol.
251 3927 288 3976 lt,
301 3929 377 3977 rect03
391 3919 502 3966 l'ecriture
514 3918 553 3962 das
562 3919 620 3964 deux
655 3916 748 3972 blorley.

78 3999 133 4034 mss.
148 3985 206 4032 ales
222 3984 349 4030 caracteres
363 3981 486 4028 ordinaires
504 3981 534 4024 du
551 3980 619 4024 Xllle
726 4003 819 4050 Coum
828 4003 884 4049 dm
896 4004 917 4048 ¹0
935 4014 976 4048 m·
990 4008 1052 4049 m

76 4052 154 4098 siecle.
174 4050 205 4096 Ge
215 4047 320 4103 rhythmo
331 4045 455 4104 comptique
469 4057 482 4090 a
497 4043 533 4088 eit
547 4041 620 4096 aussi,
681 4009 710 4062 (ἢ

77 4127 169 4162 comme
182 4126 210 4158 on
223 4113 285 4156 vient
302 4110 330 4154 dc
341 4111 360 4155 le
373 4110 430 4162 voir,
446 4106 546 4164 employe'
566 4104 620 4148 dans
682 4103 710 4158 (a)
725 4100 822 4147 Corruit
833 4101 888 4145 dans
900 4101 919 4146 le
929 4111 971 4146 ma.
982 4106 1044 4148 2³20.
