2892 4940
565 555 727 610 —131—

232 681 310 740 Ecce
321 677 506 740 miraculum
517 677 605 756 quod
616 676 691 740 iacit
704 693 900 754 mammona,

231 783 365 862 superba
379 783 521 863 erigens,
537 783 688 860 frangens
701 780 850 844 humilia!

231 891 310 951 Ecce
324 887 517 968 dominium,
531 887 618 966 quod
630 890 712 950 Deus
727 887 849 950 diruat!

232 997 311 1058 Eece
325 995 477 1075 inversio,
490 1012 587 1074 quam
599 998 681 1058 Deus
694 994 857 1058 destruat!

271 1100 317 1164 ad
330 1100 415 1180 ipsos
426 1101 522 1164 redeo
533 1115 674 1166 srunmos
687 1098 868 1180 pontifices,

230 1204 285 1285 qui
296 1209 404 1269 tacent
416 1224 489 1269 cum
499 1205 632 1284 (vident)
644 1208 704 1270 hos
717 1205 924 1286 execrabiles,

232 1313 318 1376 Licet
330 1312 508 1393 intelligant
524 1312 795 1378 consentientibus

232 1418 316 1482 idem
329 1437 398 1482 esse
411 1420 529 1483 crimen
539 1419 627 1500 quod
639 1422 688 1484 est
701 1419 879 1500 agentibus.

272 1528 351 1590 Sunt
364 1526 447 1589 enim
463 1526 524 1588 alia
537 1528 637 1590 multa
650 1525 791 1590 facinora
804 1575 811 1606 ‚

233 1651 252 1694 a
265 1632 492 1696 mercatoribus
506 1631 621 1712 iniquis
634 1633 735 1714 edita,

233 1741 320 1813 Quae
333 1738 392 1819 ipsi
406 1738 523 1818 pariter
534 1741 678 1818 pastores
687 1741 825 1804 tolerant

233 1849 267 1906 ct
279 1845 353 1908 inde
367 1845 489 1908 faciunt
500 1843 590 1924 quasi
605 1861 670 1908 non
683 1845 817 1928 sapiant.

233 1951 400 2026 Quomodo
414 1950 566 2013 disseram
577 1967 687 2014 omnes
701 1950 850 2032 injurias,

233 2055 521 2136 supplantationes,
536 2056 642 2136 dolos,
657 2056 796 2120 fallacias

232 2166 318 2238 Quas
335 2162 393 2224 sibi
408 2162 541 2226 invicem
554 2161 673 2242 ubique
684 2163 870 2244 conferunt,

111 2283 114 2290 ·
234 2267 268 2332 et
280 2269 409 2349 quando
422 2272 638 2349 congregant,
657 2272 691 2334 et
702 2269 832 2350 quando
848 2269 1014 2336 dividunt?

235 2379 297 2438 Nec
309 2379 417 2458 patres
430 2374 518 2455 filiis,
537 2392 597 2438 nee
610 2377 723 2440 iratres
736 2374 904 2454 tratribus,

237 2480 294 2544 sed
307 2498 410 2561 neque
421 2485 552 2560 nepotes
564 2479 631 2544 suis
644 2481 827 2560 nepotibus,

236 2590 336 2653 Ullam
349 2589 536 2652 alterutrum
549 2588 668 2650 nabent
685 2587 834 2652 fiduciam

236 2697 364 2775 propter
376 2692 530 2774 pecuniae
543 2692 854 2770 concupiscentiam(
878 2698 898 2767 ).

237 2806 320 2881 Ergo
333 2801 472 2864 mundus
485 2801 544 2866 iste
557 2798 695 2880 peccatis
708 2798 847 2876 obsitus,

236 2929 293 2991 per
303 2908 468 2971 avaritiam
480 2911 567 2970 totus
580 2908 628 2972 esi
640 2903 792 2984 perditus.

239 3023 264 3082 Α
277 3016 379 3098 primo
392 3013 520 3079 bomine
534 3011 621 3076 venit
634 3009 791 3090 cupiditas

238 3127 271 3188 in
284 3143 347 3205 qua
360 3124 501 3204 plantata
514 3122 563 3182 est
575 3116 679 3182 omnis
691 3116 868 3197 posteritas.

239 3233 362 3295 Habent
374 3227 579 3292 enimomnes
592 3224 895 3304 concupiscentiam,

240 3342 272 3400 et
285 3337 364 3401 ordo
377 3336 484 3398 nullus
497 3336 546 3398 est
558 3349 652 3412 quem
665 3333 746 3396 ferre
759 3334 881 3398 valeam

240 3444 286 3506 Ab
298 3440 428 3504 avaritia
442 3439 597 3502 mundum
609 3453 764 3516 asserere,

240 3553 336 3630 atque
350 3544 505 3627 cupidinis
518 3546 680 3624 expertem
698 3542 813 3608 dicere.

279 3654 391 3719 Milites
404 3649 529 3731 pessimi
542 3653 670 3730 propter
682 3650 878 3730 superbiam,

124 3912 154 3982 ‘u
169 3896 429 3985 ²⁰⁹⁰t⁰⁰⁰t¹¹bt⁶¹²²¹¹
444 3891 529 3938 Μ
543 3889 640 3944 “m
677 3887 1215 3996 acapturcensisittera

94 3985 126 4018 vo
139 3961 312 4063 Ιῑῑψέοξπῖιζ
321 4022 423 4054 venditores
433 4019 469 4060 rer,
678 3982 730 4055 san’s
740 3980 889 4056 raisonsbicn
904 3961 1026 4068 ddcisjiucsJ
1041 3984 1085 4068 quc
1101 4014 1120 4055 tc
1139 4017 1215 4067 podmc

267 4033 287 4056 0!

215 4064 468 4128 2⁰⁰V⁰¹⁸⁰¹wffiffl²¹⁸⁰t¹³
679 4072 1017 4128 asrerairpeneannxrno.

216 4127 236 4149 m
246 4117 281 4148 hoc
291 4111 424 4143 annuntiantes
434 4118 451 4140 cr

216 4169 272 4203 quern
282 4159 404 4188 convenerant
414 4153 425 4186 J
428 4152 487 4184 aduri.

186 4212 311 4256 Sarmates
318 4201 382 4248 nolli
389 4204 524 4258 parcentes,
537 4209 558 4242 v.
568 4201 615 4241 mr.
