2914 4944
739 451 902 512 -dld-

516 567 600 630 Dixit
613 595 620 630 ε
636 573 753 640 Δικαιως
763 575 824 654 (l)!
840 579 924 642 sacili
938 586 1031 664 suill3

517 673 681 738 mandavit
691 681 724 738 et
736 683 844 744 ereata
857 689 953 766 sunt3

456 795 573 858 magna
585 781 678 845 simul
693 789 831 866 complet
843 793 877 851 et
886 793 1034 876 modiea3

457 883 508 945 eui
522 889 598 948 sunt
611 906 712 970 aeque
725 898 842 957 cuneta
857 897 972 963 facilia.

516 1019 560 1082 Sit
573 1039 685 1104 perpes
698 1029 761 1090 Deo
774 1029 890 1112 gloria,
905 1036 968 1096 ete.

779 1269 851 1328 vill.

514 1449 596 1506 Laus
608 1445 707 1510 instat
719 1455 829 1515 sextae
842 1455 957 1538 leriae,

513 1568 572 1631 pru
588 1573 651 1634 qua
665 1555 822 1622 debentur
836 1561 933 1644 aliae,

455 1674 518 1736 qua
529 1659 684 1723 formatur
698 1664 794 1729 horno
808 1667 1018 1753 novissimuS,

454 1767 649 1844 praeparatis
663 1769 691 1833 ei
702 1773 770 1852 jam
782 1775 940 1839 omuibus.

513 1905 577 1964 Hae
592 1902 623 1964 in
637 1904 709 1967 luce
723 1907 882 1970 terrestria

512 2012 662 2072 creantur
676 2011 849 2077 animantia
864 2050 872 2096 5

455 2129 549 2175 omne
566 2119 670 2178 terrae
685 2116 726 2179 de
739 2119 823 2181 terra
836 2122 965 2203 reptile,

454 2233 548 2278 omne
563 2236 664 2295 genus
677 2224 836 2298 profertur
846 2227 977 2291 hestiae.

513 2347 559 2410 uit
572 2349 714 2413 omniurn
728 2352 919 2419 novissimus

512 2455 608 2519 homo
621 2456 676 2536 qui
689 2459 808 2538 praesit
819 2463 966 2528 omnibus
981 2495 989 2528 ι

453 2561 494 2622 ad
509 2562 595 2626 hune
610 2568 725 2628 cuneta
739 2569 925 2646 spectabant
939 2575 1127 2660 terminum,

453 2673 605 2747 tanquam
618 2671 714 2733 finem
726 2676 915 2740 cunctorum
928 2680 1067 2746 unicum.

512 2804 660 2866 Summus
673 2807 797 2868 creatur
809 2809 953 2874 omnium
966 2861 975 2893 ,

512 2907 545 2971 iu
559 2927 623 2989 quo
636 2927 759 2973 summa
775 2916 838 2976 stat
851 2934 981 2996 operum
994 2921 1002 2982 l

452 3018 487 3076 ln
502 3017 564 3079 hoe
578 3018 680 3080 omnis
694 3022 839 3100 expletur
852 3027 987 3091 termino

453 3119 574 3184 consilii
587 3122 683 3186 divini
697 3126 795 3190 ratio!

510 3257 575 3316 Hoc
589 3274 689 3320 unum
702 3261 821 3338 plasma
835 3267 956 3348 nobile,

511 3357 543 3421 in
559 3379 623 3440 quo
637 3365 822 3448 resplendit,
838 3373 987 3454 Domine⁷

450 3461 528 3525 illud
541 3467 615 3528 tuae
630 3469 727 3533 decus
741 3471 885 3555 imaginis

450 3570 483 3629 et
497 3570 596 3648 gloria
610 3572 839 3642 similitudinis!

282 3845 310 3900 ll)
331 3844 348 3888 ll
362 3857 375 3901 y
394 3857 408 3889 a
424 3846 480 3890 dans
498 3850 517 3892 le
537 3852 660 3896 manuscrit
674 3847 749 3908 ὃιχηω
763 3870 792 3901 ou
828 3865 907 3906 trouve
921 3863 1029 3912 d’ailleurs
1041 3882 1066 3916 sa
1079 3873 1151 3917 raison
1161 3876 1220 3922 daus
1234 3879 1256 3925 la
1269 3880 1372 3937 Gendsm

257 3897 360 3961 διχηωςς
376 3919 432 3951 riuus
445 3920 514 3954 avons
533 3923 573 3956 eru
586 3913 664 3957 devoir
677 3927 689 3970 y
705 3917 792 3962 substi-
827 3920 863 3977 ily
877 3935 890 3966 a
902 3924 957 3970 dans
968 3926 1067 3975 l'hebreu
1076 3933 1138 3978 Diae
1149 3938 1188 3980 vil
1197 3942 1303 3996 qaeeelo
1312 3945 1374 3989 e'loil

255 3973 306 4012 ruer
319 3963 430 4016 ὀικαιωςι
445 3969 465 4012 le
478 3983 493 4014 n
506 3972 590 4017 avaitlr
599 3986 643 4030 peu
653 3977 704 4032 pres
719 3978 738 4022 le
752 3991 791 4024 sou
826 3981 870 4027 lou
883 3997 938 4040 pour
952 3987 1017 4034 llieu
1033 3994 1099 4048 erdo,
1112 4000 1135 4038 el
1148 3996 1170 4041 le
1181 4011 1237 4055 gree
1256 4005 1291 4047 dil
1310 4009 1371 4051 ausu

254 4029 284 4073 uu
296 4040 326 4080 x,
345 4035 368 4074 et
386 4031 406 4074 ln
423 4031 572 4089 diphthongus
592 4048 616 4080 ar
630 4047 654 4080 se
668 4043 791 4095 rapproelre
826 4056 854 4088 en
872 4048 981 4102 plusieurs
995 4054 1112 4099 endroits:
1131 4067 1172 4100 και
1191 4057 1253 4106 εἶδεν
1271 4063 1286 4108 ὁ
1305 4061 1370 4120 θεας,

255 4102 283 4135 eu
297 4090 394 4146 lraneais
407 4092 436 4136 du
449 4103 489 4137 sun
502 4095 528 4140 de
541 4094 567 4139 l'a
581 4095 638 4153 long.
654 4097 717 4146 Cetle
728 4102 790 4156 leeon
826 4103 863 4148 ὁτι
876 4104 958 4153 aelon.
