2914 4944
751 465 908 522 -396—

367 590 425 666 Qui
439 592 543 654 luerat
553 588 717 669 quondam
729 587 868 650 nutritus
883 586 1050 665 deliciose,

407 714 482 760 cum
494 696 621 760 modico
634 694 795 758 modicam
807 711 889 774 pane
901 693 1043 774 requirat
1054 696 1098 772 (1)
1112 712 1247 779 aquam,

366 801 425 878 Qui
439 801 527 881 prius
540 799 647 864 ornari
659 799 797 880 pretiosa
813 801 902 864 veste
915 801 1059 881 volebat,

407 926 495 972 nunc
508 907 561 972 vili
575 924 669 971 sacco
684 905 799 987 frigida
812 908 954 970 membra
966 909 1065 987 tegat.

368 1015 424 1080 llic
435 1014 542 1092 cibus,
558 1014 610 1078 hic
622 1013 738 1094 vestis,
752 1013 797 1076 ita
810 1013 982 1078 strinxerat
993 1012 1048 1076 illa
1061 1013 1228 1094 pudenda,

408 1122 496 1203 quod
508 1121 564 1186 vix
577 1120 661 1184 inter
671 1137 729 1184 eos
739 1118 810 1201 quis
822 1119 883 1184 nisi
896 1123 1004 1184 castus
1018 1122 1096 1182 erat.

368 1226 504 1306 Virginis
518 1225 571 1290 hic
584 1229 696 1291 votum
708 1225 769 1289 sibi
784 1226 922 1306 iecerat,
936 1225 989 1288 ille
1003 1225 1135 1290 maritus

409 1334 556 1398 servabat
568 1331 670 1396 sancti
683 1332 811 1398 foedera
826 1331 979 1412 coniugii.

370 1442 503 1503 'tantam
516 1438 716 1506 christicolae
729 1441 903 1503 tenuerunt
912 1438 1131 1518 relligionem,

409 1545 487 1610 dum
500 1545 575 1610 data
588 1547 641 1609 lex
654 1544 790 1625 noviter,
805 1545 883 1608 dum
894 1560 997 1608 novus
1010 1544 1090 1606 ordo
1104 1542 1186 1622 luit,

370 1650 430 1715 scd
441 1651 531 1732 quod
542 1651 660 1716 habere
672 1651 755 1716 solet
768 1649 893 1713 noviter
906 1637 1009 1712 novus
1022 1647 1102 1712 ordo
1115 1648 1259 1710 statutus

410 1757 557 1838 primitus
570 1761 607 1822 ut
616 1761 660 1835 (i)
672 1756 800 1838 vigeat,
815 1755 890 1820 inde
902 1754 1039 1836 tependo
1051 1756 1123 1818 ruat
1134 1780 1142 1834 3

370 1864 420 1928 Sic
430 1883 558 1948 quoque
571 1865 693 1946 relligio
704 1863 845 1928 decrevit
855 1861 1128 1940 christicolarum,

410 1976 447 2035 ut
459 1992 543 2055 quae
556 1991 681 2038 summa
694 1971 755 2036 tuit
768 1975 879 2051 postea
893 1966 1060 2034 corruerit.

370 2076 510 2162 invidiae
523 2081 678 2157 surgunt,
694 2077 754 2140 sibi
768 2075 903 2156 quisque
917 2073 1051 2155 requirit
1064 2074 1219 2138 honorem

411 2183 444 2243 et
457 2184 554 2245 irater
567 2184 698 2250 tratrem
711 2182 837 2244 loedere
848 2199 915 2244 non
925 2179 1050 2245 metuit.

372 2285 483 2350 Ebrius
497 2286 631 2352 efficitur
643 2287 699 2368 qui
713 2285 838 2350 sobrius
851 2303 921 2350 esse
934 2288 1078 2370 solebat,

411 2394 443 2457 et
456 2411 571 2475 parcus
584 2396 696 2459 venter
710 2392 844 2458 solvitur
859 2392 1010 2473 ingluvie.

371 2500 552 2564 Foedantur
564 2504 688 2566 mentes
701 2503 735 2564 et
745 2517 881 2581 corpora
894 2503 1192 2584 commaculantur,

410 2605 501 2686 virgo
515 2607 580 2671 ruit
592 2606 687 2689 vitio,
703 2610 810 2670 castus
823 2607 992 2672 adulterio.
1023 2590 1028 2596 ”

372 2716 469 2776 Nemo
482 2712 578 2776 tidem
591 2713 715 2778 Christo
727 2731 787 2776 nec
799 2712 901 2776 fidum
913 2715 957 2792 (3)
970 2718 1077 2778 servat
1089 2733 1253 2798 amorem,

411 2837 506 2884 nemo
520 2822 607 2882 tenet
620 2822 744 2882 castum
757 2837 810 2901 se,
824 2819 890 2882 ruit
903 2821 945 2900 (t)
956 2820 1063 2886 omnis
1075 2822 1173 2887 homo
1186 2849 1195 2906 3

372 2929 410 2990 et
422 2943 519 3006 quem
528 2927 597 3006 jam
610 2925 752 2990 Christus
763 2943 877 3007 cruce,
893 2925 1066 3008 sanguine,
1085 2931 1189 2992 morte
1201 2929 1348 3008 redemit,

414 3035 451 3095 ut
463 3032 601 3102 redimat
613 3048 741 3096 rursum
755 3049 821 3096 non
834 3031 988 3096 morietur
999 3033 1086 3098 item.

371 3139 432 3203 Sed
445 3142 553 3200 tamen
566 3155 608 3202 ex
621 3137 689 3218 ipsa
701 3155 764 3219 qua
780 3137 944 3218 praeditus
956 3140 1005 3202 cst
1017 3139 1132 3220 pietate

413 3243 581 3306 consilium
594 3244 707 3308 statuit
720 3261 761 3308 nc
777 3244 905 3324 penitus
918 3248 1038 3326 percat.

372 3347 557 3429 Legisonus
569 3348 707 3430 minuet,
722 3351 813 3414 tollet
822 3349 997 3431 baptisma,
1013 3351 1188 3432 decemque

412 3471 530 3517 uxores
540 3472 625 3518 unus
641 3455 758 3520 ducere
771 3456 819 3521 vir
831 3455 959 3536 poterit.

373 3560 513 3625 Scribere
526 3561 689 3627 mandavit
701 3567 784 3627 Deus
798 3563 878 3626 haec
890 3563 968 3626 mihi
982 3579 1037 3643 per
1049 3564 1228 3630 Gabrielem
1242 3615 1251 3648 ,

412 3669 536 3730 caetera
546 3670 695 3748 jussurus
707 3671 850 3749 tempore
864 3685 1008 3751 quaeque
1020 3685 1093 3734 suo.

372 3773 425 3838 llis
439 3773 516 3838 mihi
530 3777 570 3840 de
584 3775 688 3840 causis
701 3775 843 3842 Gabriele
855 3774 1119 3860 superveniente,

304 4062 333 4117 (tl
345 4059 455 4118 &quirit
466 4063 522 4108 daus
535 4063 562 4107 ll.
676 4071 678 4076 ·
876 4067 904 4122 (sl
917 4062 1062 4112 Promiuum
1075 4067 1130 4111 dans
1143 4067 1171 4112 u.

304 4133 334 4188 (9)
350 4131 378 4178 ro
387 4132 467 4189 prtum
480 4134 535 4179 daus
549 4133 575 4176 ll.
875 4135 904 4191 (l)
917 4134 957 4180 Sic
969 4136 1103 4192 peritiam
1117 4138 1147 4182 Α.
