2892 4940
542 475 705 530 -175-

171 596 248 656 Fcee
260 595 363 674 palam
374 595 558 675 praedicant
569 597 655 676 quod
669 599 797 660 nonest
812 597 995 675 peccatum,

169 699 300 764 retinere
314 701 470 783 decimas,
485 701 571 782 quod
583 707 632 766 est
642 704 846 782 reprobatum

169 822 398 883 per-romanam
411 808 537 872 Curiam
551 811 582 872 et
595 809 674 888 legis
688 808 892 888 mandatum,

171 913 343 991 Augustino
357 915 453 977 etiam
467 913 594 978 decreto
609 915 780 978 firmatum.

166 1053 280 1112 Verum
294 1049 333 1112 de
348 1047 517 1110 eoncordia
531 1050 691 1128 quaejam
704 1047 864 1127 exulavit,

164 1156 289 1235 quidam
302 1155 535 1234 fidedignorum
547 1155 580 1230 (l.
592 1153 666 1218 tidei
681 1153 831 1234 dignusit
844 1152 890 1215 sic
901 1151 978 1216 mitri
990 1145 1147 1226 narravit,

163 1261 215 1341 qui
228 1260 481 1326 cisterciensium
495 1260 640 1327 ordinem
653 1259 803 1336 intravit(
828 1263 857 1339 t,

164 1368 366 1449 ipsorumque
379 1367 525 1432 manibus
538 1386 572 1430 se
583 1365 880 1444 recommendavit
896 1412 903 1424 .

164 1511 287 1572 Fratres
299 1526 371 1571 eam
385 1507 524 1588 diligunt
536 1511 569 1570 et
578 1509 698 1574 habent
710 1507 824 1572 honori

165 1631 221 1676 nec
235 1613 336 1693 ipsam
349 1613 545 1676 dimitterent
558 1613 584 1675 si
600 1613 751 1676 deberent
763 1612 864 1692 mori,

164 1718 219 1780 sed
232 1736 343 1798 preces
356 1717 498 1800 quotidie
512 1718 651 1780 fundunt
662 1718 800 1781 Creatori

162 1825 249 1902 quod
261 1824 346 1904 ipsos
360 1823 565 1888 confoederet
574 1823 675 1906 ¹ipsius
688 1824 799 1886 amori.

161 1960 353 2020 Monuerunt
366 1959 507 2020 attamen
522 1955 623 2036 ipsam
639 1960 676 2018 ut
688 1956 807 2020 rediret

161 2065 200 2125 ad
213 2080 381 2126 romanam
394 2062 519 2127 Curiam
534 2066 567 2126 ct
580 2079 653 2126 cum
665 2062 710 2124 eis
721 2060 799 2142 iret3

161 2188 240 2250 quae
256 2169 419 2248 respondit
432 2168 543 2231 flebilis
563 2169 649 2250 quod
664 2187 827 2249 nunquam
841 2168 980 2250 veniret,

160 2276 313 2358 quamdiu
326 2277 463 2340 incuria
477 2276 589 2339 doctos
601 2279 725 2338 Fratres
739 2275 844 2339 sciret.

160 2411 193 2473 iii
207 2413 335 2474 Fratres
345 2408 656 2490 =discordiam‚.pacis
672 2407 849 2488 inimicam,

161 2517 296 2597 ei[s]que
310 2517 504 2580 contrariam
516 2520 550 2578 et
562 2518 687 2580 hostem
701 2515 864 2595 antiquam

160 2623 286 2702 fovent,
301 2604 338 2685 et¹
346 2619 549 2685 concordiam
563 2623 677 2699 fugant
690 2622 726 2682 ut
738 2620 878 2700 iniquam
887 2667 903 2706 ,-

160 2727 234 2790 dum
246 2727 384 2788 latenter
397 2725 469 2788 liliis
482 2723 660 2786 immiscent
676 2726 821 2788 urticam.

159 2863 220 2924 Deo
236 2862 274 2920 et
288 2855 469 2920 hominibus
482 2860 515 2919 et
527 2856 606 2919 mari
620 2861 653 2920 et
664 2858 783 2938 ventis,

160 2967 216 3031 toti
230 2963 357 3028 mundo
371 2980 568 3044 conqueror,
585 2981 711 3028 necnon
724 2963 906 3043 elementis,

160 3073 198 3136 de
210 3069 347 3153 perditis
358 3067 518 3131 Fratribus
532 3070 586 3150 qui
600 3070 666 3132 suis
681 3069 840 3150 figmentis

161 3197 211 3242 me
224 3179 344 3241 tollunt
356 3174 511 3239 demedio
525 3175 691 3240 universae
706 3176 819 3256 gentis¹

163 3311 271 3375 Sedari
289 3329 354 3374 non
367 3310 483 3389 poterit
497 3309 646 3390 strepitus
660 3311 834 3394 bellorum,

162 3416 284 3492 (dumi)
297 3415 376 3478 ordo
389 3413 561 3480 incessabir
572 3415 782 3496 (incessabittt
796 3422 941 3482 Fratrum
952 3423 1166 3511 perditorum5

80 3723 84 3730 .
100 3663 124 3720 (tt
136 3665 177 3711 ies
188 3666 273 3710 moines
286 3666 313 3709 de
334 3664 428 3709 Citeanx
446 3662 551 3708 n’dtaient
564 3675 605 3720 pas
640 3674 696 3714 eux,
710 3669 733 3706 et
744 3675 771 3708 on
784 3663 808 3706 tn
818 3663 874 3708 dans
886 3664 917 3708 tes
931 3670 1019 3720 po'e'mcs
1032 3672 1071 3728 qui
1087 3673 1116 3718 tut
1128 3681 1179 3720 sona

78 3725 131 3779 nats
143 3729 159 3771 si
173 3727 349 3772 iavorabtement
363 3737 404 3780 par
413 3730 462 3768 tous
473 3723 505 3766 ies
514 3731 606 3769 auteurs
641 3723 759 3776 attribute,
775 3737 797 3780 p.
808 3727 848 3780 56,
863 3725 897 3769 td.
912 3725 939 3769 de
953 3728 984 3772 iti.
996 3729 1097 3788 Wright:

81 3783 104 3827 du
114 3799 186 3844 moyen
201 3792 256 3844 3803
270 3789 296 3833 iis
310 3787 405 3840 θ’ῑθίθῦῑ,
420 3797 506 3832 domim
517 3797 545 3830 (tn
552 3786 605 3840 fidit,
684 3798 725 3830 uuo
736 3800 780 3830 sunt
791 3798 823 3837 qui
832 3799 917 3832 nesciunt
926 3801 1077 3846 adimerentur,

81 3843 157 3894 hahines
171 3863 199 3895 en
212 3851 291 3902 blanc,
304 3854 327 3894 et
344 3847 447 3894 Gira'dus
465 3845 606 3892 cambrensis
685 3843 931 3896 quamexosusendoleoslo¹
942 3845 1077 3890 ter-memmi,

685 3886 752 3926 quihus
761 3895 820 3920 omnm
830 3896 880 3928 tegre
889 3889 935 3920 notet
944 3888 1035 3924 devastari

80 3905 119 3951 leur
128 3909 249 3968 apptiquait
264 3923 289 3954 ce
300 3923 351 3955 vers
362 3909 442 3954 ancien
453 3921 459 3952 z
684 3929 752 3970 qum..
762 3929 815 3962 narro
823 3931 884 3964 „mnu
893 3935 953 3972 W
961 3917 1045 3970 ΜΝ]

97 3981 128 4020 Qui
139 3985 252 4018 colonibus
262 3987 309 4026 arat,
319 3993 368 4016 nune
378 3985 405 4015 est
415 3981 516 4014 contrarius
527 3979 574 4012 albo.
685 3991 743 4024 1¹ng
755 3991 873 4034 animalium,
886 4002 934 4033 quse
945 3999 1011 4029 suurn
1020 4003 1102 4040 vocatur,

177 4041 302 4086 Umbriae
314 4040 453 4098 dampno,
468 4053 488 4095 p·
501 4041 549 4083 831¹
684 4039 702 4068 et
713 4036 854 4068 cistercensium
863 4046 910 4077 ques
919 4037 946 4069 sic
955 4039 1043 4074 dilatatur
1053 4054 1057 4074 z

684 4081 752 4120 duplex
760 4081 795 4111 hec
804 4082 909 4120 contagium
919 4081 980 4115 orbem
989 4088 1099 4128 populatum

78 4111 152 4160 Walter
165 4119 244 4175 idapes
263 4116 322 4162 avait
337 4117 375 4162 tait
389 4129 432 4162 une
447 4116 515 4160 satire
528 4119 605 4159 contre
685 4125 733 4164 quoa
742 4124 767 4157 ns
776 4124 836 4164 magra
846 4126 921 4158 „aarum
930 4135 1004 4166 amu.
1014 4129 1115 4169 tamar,
