2892 4940
531 450 692 503 «ποτ-

145 571 202 651 ira,
218 574 300 632 lraus
313 574 407 651 atque
419 571 551 651 cupido,
567 571 684 632 mixtae
699 572 881 652 supercilio,

144 692 227 736 meae
238 674 329 737 simul
340 675 522 738 habitarunt
533 673 648 736 mentis
663 673 694 734 in
709 675 856 755 bospitio.

143 809 256 869 Collum
268 807 326 869 sibi
340 806 521 886 subjugavit
532 805 660 868 effrenis
674 806 834 884 superbia,

142 915 235 973 totam
248 915 386 974 mentem
398 911 559 973 enervavit
572 910 726 973 discincta
737 911 882 990 luuuria⁷

143 1018 230 1093 atque
244 1033 357 1096 corpus
371 1015 531 1079 enervavit
548 1014 651 1077 carnis
665 1014 848 1093 petulentia.

143 1147 218 1217 Quot
232 1163 346 1207 arenae
360 1145 456 1207 maris
471 1161 599 1225 gravesa
614 1147 661 1206 tot
675 1148 751 1206 sunt
761 1159 832 1205 mea
844 1143 993 1224 crimina3

142 1265 270 1326 quorum
283 1251 366 1311 mole
379 1253 622 1330 praegravatuS‚
638 1249 804 1328 pertrahor
819 1247 860 1308 ad
872 1247 996 1324 infima,

142 1352 171 1414 ni
184 1354 312 1417 reducat
325 1355 366 1416 ad
380 1373 466 1435 spem
481 1355 563 1417 vitae
578 1372 628 1417 me
643 1357 697 1416 lua
712 1353 889 1415 clementia.

141 1489 234 1567 Ergo,
249 1488 334 1548 salus
346 1489 377 1547 et
390 1489 550 1566 protector
562 1488 774 1565 moestorum,
791 1484 932 1546 Piissime

140 1591 188 1669 qui
203 1591 315 1653 dedisti
326 1608 454 1653 manum
466 1594 558 1652 Petro
571 1591 666 1651 maris
680 1591 711 1651 in
726 1588 926 1668 discrimine,

140 1711 156 1753 a
169 1694 305 1772 peccatis
318 1694 396 1756 meis
409 1695 459 1773 pie
470 1712 521 1756 me
535 1692 654 1754 munda
668 1696 700 1754 et
713 1690 861 1770 protege!

140 1825 180 1882 lu
192 1839 224 1884 es
238 1827 336 1901 Deus,
352 1839 413 1902 ego
427 1820 560 1900 vermis,
576 1820 663 1899 quid,
679 1820 705 1880 si
719 1824 752 1881 tu
766 1817 931 1882 irasceris?

141 1924 177 1986 ad
191 1925 329 1987 tribunal
344 1927 563 2004 praesentatus
576 1941 650 1985 reus
664 1923 743 1983 tanti
755 1922 890 2002 judicis,

141 2029 211 2091 nibil
226 2048 283 2092 cro
294 2077 304 2124 ³.
317 2021 394 2090 nibil
407 2045 551 2108 prorsuS,
567 2027 626 2089 nisi
642 2029 676 2089 tu
690 2045 741 2089 me
752 2027 883 2107 juveris.

139 2160 211 2232 Quid
223 2163 288 2236 est,
304 2161 365 2222 hoc
379 2159 465 2239 quod
479 2161 529 2237 tu,
544 2157 702 2236 Benigne,
718 2157 794 2218 dum
805 2157 991 2235 figmentum
1004 2157 1144 2235 noveris,

139 2279 175 2324 ex
192 2263 313 2326 delictis
327 2267 521 2326 arescentem
534 2262 679 2341 stipulam
692 2261 910 2340 persequeris?

140 2367 163 2428 si
175 2369 215 2430 ad
226 2388 306 2449 opus
315 2368 489 2449 pulsabis,
505 2366 680 2429 damnabor
694 2365 890 2444 cumimpiis.

141 2496 220 2559 Nosti
233 2496 310 2576 quia
323 2495 356 2558 iu
368 2496 528 2558 infernum
539 2495 626 2555 nulla
638 2494 686 2554 est
698 2475 872 2569 redemptio
884 2516 893 2569 3

141 2599 216 2661 beu!
231 2601 436 2681 quamdam,
451 2617 547 2678 quam
561 2615 669 2660 severa
683 2595 746 2658 illic
760 2593 932 2672 habitatio,

139 2703 187 2764 ubi
200 2706 322 2783 luctus,
337 2704 391 2766 ubi
406 2704 497 2767 dolor
511 2706 559 2764 est
572 2703 691 2780 absque
704 2697 864 2763 remedio!

140 2835 210 2897 Nolo
220 2838 358 2899 mortem
371 2833 545 2912 peccatoris
558 2858 565 2912 3
580 2835 616 2892 tu
630 2829 756 2909 dixisti,
771 2829 921 2906 Domine3

140 2940 191 3000 sed
202 2945 238 3002 ut
251 2938 356 3017 magis
366 2938 570 3000 convertatur
584 2936 609 2996 si
622 2936 753 3012 exoptat
766 2933 889 3012 vivere,

142 3041 219 3105 dicat
232 3044 378 3122 culpam,
393 3042 495 3120 ploret
508 3040 610 3101 scelus
621 3039 629 3099 1
642 3039 851 3117 praestosum
864 3034 1033 3097 dimittere.

141 3174 218 3235 Velle
232 3178 325 3235 tuum
339 3189 409 3233 mea
424 3172 509 3232 salus
528 3171 619 3231 estet
632 3167 792 3230 miseratio
808 3194 815 3227 ι

142 3278 209 3339 volo
221 3277 326 3358 dicas3
341 3277 419 3339 liber
431 3293 485 3337 ero
500 3277 531 3337 et
544 3273 724 3335 mundabor
738 3271 821 3334 illico
836 3299 843 3332 ι

144 3381 217 3444 baec
230 3400 301 3463 spes
313 3382 380 3444 sola
393 3381 469 3443 mibi
485 3383 583 3442 restat
595 3381 713 3458 absque
727 3378 793 3438 ullo
808 3375 913 3438 dubio.

144 3515 236 3594 Ergo,
251 3513 344 3574 Pater
356 3509 410 3590 qui
424 3509 553 3572 foetenti
572 3507 745 3571 subvenisti
760 3512 876 3568 Lazaro

145 3620 174 3678 et
186 3615 299 3680 latroni
312 3613 476 3694 pepercisti
491 3612 593 3675 crucis
606 3612 639 3674 in
653 3612 794 3691 patibulo
807 3657 815 3690 ,

145 3719 360 3784 condescende
372 3715 558 3797 supplicanti
571 3715 648 3779 mihi
663 3731 751 3776 more
763 3712 867 3774 solito.

146 3849 311 3913 criminum
323 3865 468 3911 meorum
481 3864 583 3908 nexus
596 3849 632 3907 tu
645 3846 791 3924 potenter
803 3840 934 3919 dissipa,

147 3953 294 4016 virtutum
305 3972 356 4018 me
370 3935 513 4016 claritate
527 3949 658 4013 feliciter
671 3949 797 4027 decora,

148 4059 181 4117 ut
195 4058 227 4120 in
239 4059 326 4120 coelo
339 4062 370 4120 te
383 4056 513 4118 laudare
526 4052 641 4132 dignus
655 4051 713 4113 sim
727 4067 782 4129 per
796 4044 943 4110 saccula!
