2908 4942
709 418 875 478 —alr-

380 555 647 632 caesaraugustae
662 550 849 614 obsidebant
861 551 1020 628 castrum,

381 656 467 738 qnod
481 656 586 720 adhuc
598 655 695 720 Mauri
710 659 826 722 vocant
838 657 1055 731 Almenarum3

381 779 463 843 quos
473 764 566 843 rogat
577 761 680 826 victor
691 761 749 825 sibi
763 760 831 825 dari
844 763 966 841 locum,

500 866 648 946 minnere
660 866 790 932 victum.

384 998 525 1076 Cumque
534 995 675 1075 precanti
687 992 799 1056 cedere
812 989 995 1071 nequirent,

384 1117 443 1164 nec
457 1098 642 1163 transeundi
655 1099 839 1162 facultatem
852 1096 982 1175 darent,

383 1206 488 1270 subito
501 1205 632 1270 mandat
644 1208 681 1268 ut
694 1204 743 1268 sui
757 1221 791 1266 se
805 1205 945 1282 arment,

503 1313 567 1378 cito
581 1330 622 1375 ne
635 1312 773 1376 tardent.

385 1429 507 1492 Primus
520 1433 552 1491 et
564 1429 631 1510 ipsc
643 1427 774 1491 indutus
786 1426 902 1507 lorica,

387 1552 446 1598 nec
459 1534 621 1597 meliorem
634 1535 731 1597 homo
743 1533 823 1597 vidit
836 1531 905 1613 illa3

387 1643 558 1723 romphaea
572 1640 710 1721 ciuntur,
725 1657 805 1704 auro
818 1639 1007 1719 fabrefacta,

507 1765 604 1811 manu
616 1746 784 1829 magistra,

389 1873 508 1953 Accipit
520 1873 645 1937 hastam
657 1870 790 1935 mirifice
804 1873 937 1950 factam,

389 1979 502 2042 nobilis
513 1979 610 2044 silvae
623 1977 748 2041 fraxino
762 1978 921 2057 delatam,

389 2102 485 2162 quam
499 2085 583 2146 ferro
597 2083 670 2158 lorti
683 2082 801 2144 fecerat
813 2081 974 2160 limatam,

508 2189 622 2269 cupide
634 2188 765 2249 rectam.

391 2315 541 2394 Clypeum
555 2315 658 2394 gestat
669 2311 800 2375 brachio
814 2311 958 2391 sinistro,

391 2421 446 2502 qui
460 2423 546 2484 totus
557 2423 626 2484 erat
638 2419 905 2500 figuratusaur03

393 2528 426 2591 in
439 2545 503 2608 quo
517 2526 659 2606 depictus
673 2527 759 2588 ferus
772 2528 840 2588 erat
854 2525 968 2607 draco,

511 2633 618 2696 lucido
630 2632 738 2694 modu.

393 2759 493 2838 Caput
505 2756 641 2820 munivit
652 2756 775 2836 galeam
786 2755 821 2830 (l.
836 2755 937 2835 galea)
950 2756 1084 2836 fulgenti

393 2882 490 2946 qnam
505 2862 665 2927 decoravit
677 2861 802 2924 laminis
815 2861 937 2942 argenti

396 2974 495 3052 luber,
511 2973 544 3032 ct
556 2987 637 3048 opus
649 2968 768 3048 aptavit
781 2968 888 3031 electri

515 3075 584 3155 giro
602 3073 743 3139 clrcinm'.

395 3200 519 3276 Equum
532 3198 675 3260 ascendit
686 3215 782 3279 quem
795 3201 978 3262 transmare
992 3198 1076 3265 vexit

396 3305 549 3366 barbarus
563 3303 709 3385 qnidam,
724 3323 784 3368 nec
797 3323 837 3367 nc
850 3303 1076 3382 comtm)utavit

397 3407 502 3471 aureis
513 3407 614 3491 millc3
628 3408 682 3489 qui
695 3411 765 3489 plus
779 3413 875 3474 vento
889 3411 1005 3492 currit,

513 3515 584 3592 plus
597 3514 701 3577 cervoi
716 3517 748 3594 (l.
764 3516 868 3593 cervo)
881 3517 974 3580 sallit.

397 3637 522 3702 Talibus
533 3637 628 3701 armis
642 3642 773 3702 ornatus
786 3641 818 3701 et
831 3657 929 3721 equo,

397 3745 483 3809 Paris
495 3747 545 3808 vel
557 3747 672 3808 Hector
683 3744 820 3808 melioris
832 3747 863 3827 (l.
879 3746 1036 3815 meliorcsl
1050 3746 1106 3810 illc
1164 3821 1166 3832 y

397 3867 560 3932 nunquam
574 3851 704 3912 fuerunt
715 3850 749 3912 in
760 3851 885 3932 trojano
896 3852 997 3932 ballo,

515 3956 591 4017 sunt
603 3972 706 4036 neque
719 3955 825 4019 modo.

399 4076 485 4136 Tunc
494 4070 680 4149 deprecatur
691 4071 745 4151 (Le
757 4079 831 4135 reste
840 4071 990 4152 manuale.)
