2892 4940
702 447 866 508 —lat-

366 596 461 658 seque
475 577 628 640 dilaniant
639 593 727 639 more
740 576 932 656 serpentium
945 602 953 654 ς

366 686 404 746 ut
417 700 512 744 canes
525 683 694 744 conferunt
706 680 885 744 inimicitias

366 793 461 870 atque
474 788 632 852 latrabiles
646 790 746 868 agunt
759 787 909 867 insidias3

366 894 396 958 Si
410 895 527 956 debent
539 894 631 957 silere
643 893 760 974 templo
771 893 821 957 vel
834 893 951 973 epuliS,

365 1001 539 1080 loquuntur
552 1003 584 1063 et
595 1003 718 1063 certant
730 998 828 1082 signis
841 1001 874 1061 et
887 999 998 1063 oculis.

366 1109 536 1168 Laetantur
549 1106 719 1169 daemones
729 1121 802 1168 cum
816 1105 895 1167 baec
909 1103 1084 1184 aspiciunt,

366 1216 398 1274 et
410 1230 542 1292 peccare
554 1212 656 1292 magis
669 1215 837 1293 peccantes
854 1209 991 1290 iaciunt3

365 1316 423 1390 Qui
437 1321 562 1381 tantum
576 1317 691 1380 invidis
703 1316 884 1380 ministrant
897 1316 1023 1397 odium,

366 1425 452 1502 quod
466 1425 545 1488 ordo
559 1424 692 1487 vertitur
703 1424 763 1487 illia
776 1424 809 1487 in
822 1421 973 1486 taedium.

366 1532 547 1609 Suggerunt
560 1531 731 1593 daemones
743 1527 804 1592 illis
816 1527 983 1608 invidiam,

367 1637 508 1716 iramque
520 1635 694 1716 seminant,
713 1637 858 1716 plantant
871 1634 1060 1698 discordiam
1073 1660 1082 1714 3

366 1747 470 1806 Bonos
484 1760 518 1805 se
531 1743 651 1823 tingere
665 1745 781 1822 rogant
793 1740 990 1824 hypocritas,
1036 1811 1039 1816 ,

364 1851 468 1929 Justos
478 1867 513 1912 se
524 1849 628 1912 dicere
642 1852 763 1929 cogunt
775 1851 947 1929 apostatas.

366 1960 444 2019 llam
457 1955 531 2020 victi
545 1955 670 2035 plurimi
685 1955 877 2018 daemonum
890 1954 1010 2016 artibus

368 2065 400 2123 et
413 2061 504 2123 malis
518 2061 612 2124 illecti
625 2059 842 2141 suasionibus,

368 2172 442 2229 Tam
454 2171 551 2229 Deum
564 2185 660 2247 quam
673 2168 744 2231 loca
756 2166 919 2231 dimittunt
936 2169 1048 2233 leviter

367 2273 400 2337 in
414 2273 528 2353 quibus
542 2277 699 2337 voverunt
710 2275 795 2336 stare
808 2271 970 2337 stabiliter.

367 2384 421 2442 Est
433 2380 534 2443 virtus
547 2379 654 2460 itaque
666 2397 782 2460 magna
799 2379 933 2461 diaboli,

366 2505 423 2566 per
435 2504 530 2566 quem
541 2485 676 2551 convicti
691 2489 766 2549 sunt
779 2487 875 2550 ctiam
888 2487 1053 2566 monaehi,

368 2593 426 2668 Qui
439 2593 528 2675 prius
541 2595 666 2656 luerunt
679 2593 788 2655 ianmli
801 2593 944 2675 bomini,

368 2704 401 2764 et
412 2701 508 2765 modo
523 2701 713 2763 daemonum
727 2697 801 2763 lacti
815 2704 892 2763 sunt
903 2699 991 2763 socii.

366 2812 400 2871 ln
414 2807 506 2870 terris
519 2806 616 2886 igitur
628 2806 719 2887 pauci
734 2810 810 2870 sunt
822 2803 949 2870 ordines

366 2931 502 2994 quorum
514 2931 581 2977 non
594 2912 716 2994 aliquos
728 2912 920 2977 convincant
934 2911 1123 2974 daemones:

368 3020 544 3083 Vincuntur
557 3019 674 3083 etenim
687 3018 740 3101 qui
755 3018 796 3081 ad
810 3019 871 3083 boc
884 3019 1046 3082 saeculum

367 3127 504 3190 redeunt
514 3127 612 3189 veluti
626 3143 721 3190 canes
734 3126 776 3188 ad
788 3126 954 3189 vomitum.

366 3235 502 3295 abbates
515 3247 610 3311 super
620 3231 669 3292 bis
682 3249 738 3293 cor
751 3233 870 3293 babent
883 3229 1029 3310 impium,

365 3338 420 3418 qui
433 3337 541 3398 sinunt
554 3335 636 3398 filios
649 3335 734 3398 abire
747 3337 924 3416 perditum,

365 3442 423 3517 Qui
435 3457 599 3521 nunquam
612 3445 763 3504 revocant
774 3441 844 3506 illos
858 3442 1062 3524 amentibus,

364 3565 444 3629 quos
456 3547 522 3610 suis
536 3547 686 3610 deberent
696 3552 813 3611 reterre
825 3547 982 3612 manibus.
1106 3609 1111 3615 .

364 3660 472 3735 ltaque
486 3653 656 3718 daemones
670 3657 778 3737 culpas
788 3656 1017 3739 multiplicant,

363 3761 417 3842 qui
431 3760 476 3824 sic
488 3762 528 3824 de
539 3761 611 3824 filiis
624 3762 664 3824 ad
676 3767 784 3826 Patres
797 3765 984 3842 convolant,

363 3871 401 3932 Ut
412 3871 518 3930 Patres
532 3870 699 3947 culpentur
713 3870 751 3930 de
765 3869 973 3950 negligentia,

361 3979 393 4037 ct
405 3974 493 4054 pravi
508 3975 561 4036 filii
577 3976 617 4037 de
630 3975 797 4056 apostasia.

361 4081 481 4144 Accidit
495 4080 603 4144 itidem
617 4082 656 4142 de
669 4083 892 4162 Regularibus,
