2892 4940
722 430 865 484 ...86-

388 558 426 618 Se
440 571 606 634 passurum
620 554 807 633 praedicans
816 555 928 616 ihesus
939 555 1053 634 prohra
1064 554 1184 635 gentis,

388 659 434 722 sio
445 677 585 724 errorem
597 661 703 724 renuit
716 661 798 724 Petri
813 657 998 742 renitentis3

388 763 526 824 Thomae
536 779 600 825 vox
614 764 694 825 haee
707 765 831 826 aemula
844 763 931 826 voois
941 768 992 827 est
1003 764 1184 845 sequentis:

393 870 471 934 vade
480 873 585 952 retro,
599 873 730 952 satana,
745 871 849 934 camis
862 874 939 934 sunt
948 887 1032 951 quaa
1041 871 1149 934 sentis.

388 1004 520 1081 imperat
532 1007 564 1063 et
576 1001 724 1081 impetrat
735 1001 833 1081 patris
845 1019 909 1064 vox
920 1017 1047 1081 severa,

388 1101 507 1166 cedunt
517 1103 656 1183 ostiarii,
671 1102 755 1166 cedit
766 1104 856 1183 pulsa
869 1120 960 1183 sera,

387 1210 508 1272 intrant
521 1228 617 1274 canes
629 1210 746 1292 Stygii,
761 1212 843 1276 duoe
856 1215 904 1293 te,
920 1215 1084 1293 Megaera,

390 1318 554 1382 hominum
567 1317 600 1378 in
613 1315 717 1396 speeie
731 1316 901 1380 daemones
914 1334 1033 1382 revera.

385 1450 506 1516 strictis
519 1450 639 1513 intrant
653 1449 783 1529 gladiis,
797 1449 906 1512 efflant
920 1451 1006 1514 hune
1020 1451 1159 1515 furorem
1175 1479 1184 1513 ε

389 1555 512 1617 hostem
525 1551 615 1632 regui
628 1551 829 1632 quaerimus,
843 1552 927 1632 regis
938 1553 1151 1634 proditorem,

390 1660 543 1722 Thomam
555 1656 775 1738 temerarium,
787 1657 944 1736 perfidum
955 1660 1113 1738 pastorem
1126 1685 1134 1739 3

387 1768 521 1845 J'amjam
531 1780 626 1844 quem
639 1765 689 1826 est
699 1762 832 1826 meritus
844 1762 961 1826 sentiet
974 1764 1124 1826 furorem.

392 1903 448 1966 llio
461 1920 551 1984 sum,
566 1902 611 1965 ait
623 1902 733 1982 legiler
748 1905 883 1966 &tanae
895 1901 1042 1981 collegis,

392 2025 495 2088 neque
508 2024 608 2086 reguo
621 2007 760 2086 pestifer,
775 2024 835 2070 nec
845 2005 940 2069 saluti
953 2005 1057 2087 regis,

394 2114 529 2174 Thomas
543 2128 632 2190 sum,
648 2108 796 2172 dominici
809 2109 913 2174 dietus
925 2114 1033 2190 pastor
1044 2111 1165 2191 gregis,

394 2233 451 2296 pro
465 2215 565 2277 tutela
577 2211 688 2294 perimi
701 2215 866 2292 promptus
879 2229 988 2276 sacrae
1001 2213 1081 2293 legis
1090 2219 1145 2289 (1).

394 2358 462 2416 Non
476 2368 495 2413 a
509 2351 583 2414 dolo
597 2350 690 2413 dolus
700 2351 749 2412 est
761 2349 834 2412 talis
847 2349 987 2430 alienam,

395 2474 459 2538 quo
472 2456 506 2519 in
519 2454 678 2519 Christum
691 2454 784 2517 irruit
796 2457 907 2517 coetus
921 2455 995 2518 dolo
1008 2455 1141 2535 plenus,

398 2560 497 2621 hahet
508 2558 540 2620 id
554 2557 642 2638 quod
654 2557 783 2639 legitur,
797 2559 860 2621 hoo
872 2557 1024 2638 loquendi
1038 2575 1158 2638 ganus=

394 2681 456 2743 ego
470 2681 540 2726 sum
554 2679 648 2743 quem
661 2662 829 2744 quaeritis,
844 2663 957 2727 ihesus
968 2667 1159 2727 Nazarenus.

396 2807 431 2863 lu
443 2799 570 2864 meandi
584 2800 665 2864 serie
677 2803 807 2865 ihesum
820 2801 977 2884 imitatus,

396 2923 465 2968 sese
478 2907 582 2986 palam
594 2906 709 2969 obtulit
722 2909 834 2986 sponte
846 2909 1046 2988 propalatus,

396 3006 449 3068 hie
461 3009 510 3068 ost
523 3005 665 3070 Christus
679 3007 807 3088 obvius,
823 3006 875 3070 hie
885 3007 985 3071 Judae
995 3009 1118 3087 reatus,

394 3109 446 3172 hio
458 3128 476 3172 a
489 3109 727 3189 magistratibus
737 3110 854 3176 missus
865 3129 944 3192 grex
958 3112 1111 3174 armatus.

396 3245 523 3307 lnhiant
536 3248 568 3306 et
581 3245 694 3309 ineunt
710 3246 814 3308 soelus
826 3245 970 3308 scelerati
981 3270 990 3325 3

396 3346 537 3410 membra
550 3352 647 3429 oaput
657 3351 815 3431 lacerant,
832 3352 955 3430 patrem
968 3351 1085 3411 necant
1096 3349 1179 3430 nati,

399 3450 575 3516 homicidae
588 3453 731 3536 plurimi,
747 3473 813 3519 uno
824 3455 893 3519 viso
903 3454 983 3536 pati,

398 3555 565 3636 monachi,
580 3557 743 3640 canonici,
758 3561 934 3641 praesules,
949 3560 1056 3641 legati.

1439 3733 1440 3778 ι

1439 3797 1440 3848 1

400 3695 460 3754 Res
473 3692 629 3772 stupenda
641 3693 791 3775 posteris,
807 3695 920 3758 horror
931 3697 992 3759 hae
1005 3699 1108 3759 aetate
1121 3694 1129 3755 !

400 3813 467 3858 non
480 3801 629 3861 amentur
643 3799 739 3879 gladii
750 3800 811 3863 loci
826 3801 1010 3882 sanctitate,

277 4015 345 4121 (2th
358 4016 378 4061 16
389 4021 453 4074 patto
466 4017 511 4062 suit
522 4023 663 4062 exactameat
674 4018 790 4073 l’histoire;
806 4032 873 4075 vopea
888 4021 907 4065 16
924 4019 975 4065 Vita
988 4017 1182 4076 quadripartito,
1196 4019 1211 4063 Ι.
1228 4032 1263 4074 ιιι,
1278 4021 1316 4066 ch.
1333 4028 1365 4073 17,

252 4087 274 4130 p.
331 4110 335 4119 .
