<?xml version="1.0" encoding="UTF-8"?>
<!DOCTYPE html PUBLIC "-//W3C//DTD XHTML 1.0 Transitional//EN"
    "http://www.w3.org/TR/xhtml1/DTD/xhtml1-transitional.dtd">
<html xmlns="http://www.w3.org/1999/xhtml" xml:lang="en" lang="en">
 <head>
  <title>
</title>
<meta http-equiv="Content-Type" content="text/html;charset=utf-8" />
  <meta name='ocr-system' content='tesseract 3.04.00' />
  <meta name='ocr-capabilities' content='ocr_page ocr_carea ocr_par ocr_line ocrx_word'/>
</head>
<body>
  <div class='ocr_page' id='page_1' title='image "./posiespopulaire01mrgoog_0066.png"; bbox 0 0 2926 4952; ppageno 0'>
   <div class='ocr_carea' id='block_1_1' title="bbox 524 474 880 777">
    <p class='ocr_par' dir='ltr' id='par_1_1' title="bbox 524 474 880 777">
     <span class='ocr_line' id='line_1_1' title="bbox 738 474 880 528; baseline 0.021 -19"><span class='ocrx_word' id='word_1_1' title='bbox 738 501 776 509; x_wconf 70' lang='grc'>.-</span> <span class='ocrx_word' id='word_1_2' title='bbox 790 474 827 528; x_wconf 69' lang='lat'>56</span> <span class='ocrx_word' id='word_1_3' title='bbox 839 503 880 512; x_wconf 84' lang='grc'>.-</span> 
     </span>
     <span class='ocr_line' id='line_1_2' title="bbox 524 590 806 671; baseline 0.018 -21"><span class='ocrx_word' id='word_1_4' title='bbox 524 590 639 669; x_wconf 92' lang='lat' dir='ltr'>incepit</span> <span class='ocrx_word' id='word_1_5' title='bbox 652 592 806 671; x_wconf 88' lang='lat' dir='ltr'>castigare</span> 
     </span>
     <span class='ocr_line' id='line_1_3' title="bbox 525 714 874 777; baseline 0.009 -20"><span class='ocrx_word' id='word_1_6' title='bbox 525 714 638 777; x_wconf 88' lang='lat' dir='ltr'>eorpus</span> <span class='ocrx_word' id='word_1_7' title='bbox 652 715 744 761; x_wconf 92' lang='lat' dir='ltr'>suum</span> <span class='ocrx_word' id='word_1_8' title='bbox 758 717 874 762; x_wconf 88' lang='lat' dir='ltr'>amare.</span> 
     </span>
    </p>
   </div>
   <div class='ocr_carea' id='block_1_2' title="bbox 481 829 887 1414">
    <p class='ocr_par' dir='ltr' id='par_1_2' title="bbox 481 829 887 1414">
     <span class='ocr_line' id='line_1_4' title="bbox 485 829 880 909; baseline 0.013 -22"><span class='ocrx_word' id='word_1_9' title='bbox 485 830 610 889; x_wconf 84' lang='lat' dir='ltr'><strong>Festum</strong></span> <span class='ocrx_word' id='word_1_10' title='bbox 622 845 697 907; x_wconf 92' lang='lat' dir='ltr'>ergo</span> <span class='ocrx_word' id='word_1_11' title='bbox 709 829 880 909; x_wconf 86' lang='lat' dir='ltr'>pontilicis,</span> 
     </span>
     <span class='ocr_line' id='line_1_5' title="bbox 481 931 825 1013; baseline 0.017 -23"><span class='ocrx_word' id='word_1_12' title='bbox 481 933 548 1009; x_wconf 88' lang='lat' dir='ltr'>jam</span> <span class='ocrx_word' id='word_1_13' title='bbox 561 931 670 994; x_wconf 88' lang='lat' dir='ltr'>sociati</span> <span class='ocrx_word' id='word_1_14' title='bbox 684 932 825 1013; x_wconf 69' lang='lat' dir='ltr'>coelicis,</span> 
     </span>
     <span class='ocr_line' id='line_1_6' title="bbox 486 1037 864 1103; baseline 0.011 -5"><span class='ocrx_word' id='word_1_15' title='bbox 486 1053 558 1098; x_wconf 93' lang='lat' dir='ltr'>cum</span> <span class='ocrx_word' id='word_1_16' title='bbox 569 1037 712 1100; x_wconf 83' lang='lat' dir='ltr'>cantibus</span> <span class='ocrx_word' id='word_1_17' title='bbox 725 1039 864 1103; x_wconf 83' lang='lat' dir='ltr'>mirificis</span> 
     </span>
     <span class='ocr_line' id='line_1_7' title="bbox 486 1142 864 1222; baseline 0.011 -20"><span class='ocrx_word' id='word_1_18' title='bbox 486 1145 580 1220; x_wconf 83' lang='lat' dir='ltr'>atque</span> <span class='ocrx_word' id='word_1_19' title='bbox 594 1142 696 1204; x_wconf 92' lang='lat' dir='ltr'>modis</span> <span class='ocrx_word' id='word_1_20' title='bbox 707 1145 864 1222; x_wconf 82' lang='lat' dir='ltr'>organicis</span> 
     </span>
     <span class='ocr_line' id='line_1_8' title="bbox 486 1246 875 1328; baseline 0.013 -22"><span class='ocrx_word' id='word_1_21' title='bbox 486 1246 649 1310; x_wconf 82' lang='lat' dir='ltr'>festivatur</span> <span class='ocrx_word' id='word_1_22' title='bbox 662 1248 722 1309; x_wconf 88' lang='lat' dir='ltr'>lrac</span> <span class='ocrx_word' id='word_1_23' title='bbox 738 1248 875 1328; x_wconf 77' lang='lat' dir='ltr'>clericis,</span> 
     </span>
     <span class='ocr_line' id='line_1_9' title="bbox 488 1350 887 1414; baseline 0.005 -3"><span class='ocrx_word' id='word_1_24' title='bbox 488 1350 513 1411; x_wconf 93' lang='lat' dir='ltr'>si</span> <span class='ocrx_word' id='word_1_25' title='bbox 525 1350 661 1412; x_wconf 83' lang='lat' dir='ltr'>maxime</span> <span class='ocrx_word' id='word_1_26' title='bbox 675 1351 887 1414; x_wconf 81' lang='lat' dir='ltr'>scholasticis!</span> 
     </span>
    </p>
   </div>
   <div class='ocr_carea' id='block_1_3' title="bbox 525 1480 1017 2280">
    <p class='ocr_par' dir='ltr' id='par_1_3' title="bbox 528 1480 868 1561">
     <span class='ocr_line' id='line_1_10' title="bbox 528 1480 868 1561; baseline 0.009 -20"><span class='ocrx_word' id='word_1_27' title='bbox 528 1483 622 1542; x_wconf 83' lang='lat' dir='ltr'>Decet</span> <span class='ocrx_word' id='word_1_28' title='bbox 634 1480 736 1559; x_wconf 92' lang='lat' dir='ltr'>ipsum</span> <span class='ocrx_word' id='word_1_29' title='bbox 748 1482 868 1561; x_wconf 90' lang='lat' dir='ltr'>precari</span> 
     </span>
    </p>

    <p class='ocr_par' dir='ltr' id='par_1_4' title="bbox 526 1583 1017 1766">
     <span class='ocr_line' id='line_1_11' title="bbox 527 1583 1017 1663; baseline 0.01 -23"><span class='ocrx_word' id='word_1_30' title='bbox 527 1583 560 1641; x_wconf 90' lang='lat' dir='ltr'>et</span> <span class='ocrx_word' id='word_1_31' title='bbox 572 1585 660 1643; x_wconf 88' lang='lat' dir='ltr'>ustra</span> <span class='ocrx_word' id='word_1_32' title='bbox 673 1583 706 1655; x_wconf 91' lang='lat' dir='ltr'>(l.</span> <span class='ocrx_word' id='word_1_33' title='bbox 723 1584 805 1644; x_wconf 90' lang='lat' dir='ltr'>ultra</span> <span class='ocrx_word' id='word_1_34' title='bbox 815 1587 839 1659; x_wconf 82' lang='lat' dir='ltr'>l)</span> <span class='ocrx_word' id='word_1_35' title='bbox 853 1583 1017 1663; x_wconf 74' lang='lat' dir='ltr'>venerari,</span> 
     </span>
     <span class='ocr_line' id='line_1_12' title="bbox 526 1684 882 1766; baseline 0.014 -21"><span class='ocrx_word' id='word_1_36' title='bbox 526 1684 580 1763; x_wconf 86' lang='lat' dir='ltr'>qui</span> <span class='ocrx_word' id='word_1_37' title='bbox 594 1688 708 1761; x_wconf 89' lang='lat' dir='ltr'>nata(s)</span> <span class='ocrx_word' id='word_1_38' title='bbox 718 1688 860 1766; x_wconf 80' lang='lat' dir='ltr'>lupanari</span> <span class='ocrx_word' id='word_1_39' title='bbox 876 1705 882 1714; x_wconf 89' lang='lat'><strong>·</strong></span> 
     </span>
    </p>

    <p class='ocr_par' dir='ltr' id='par_1_5' title="bbox 525 1787 868 1865">
     <span class='ocr_line' id='line_1_13' title="bbox 525 1787 868 1865; baseline 0.017 -19"><span class='ocrx_word' id='word_1_40' title='bbox 525 1788 591 1865; x_wconf 90' lang='lat' dir='ltr'>jam</span> <span class='ocrx_word' id='word_1_41' title='bbox 602 1787 716 1863; x_wconf 86' lang='lat' dir='ltr'>data(s)</span> <span class='ocrx_word' id='word_1_42' title='bbox 728 1791 868 1854; x_wconf 91' lang='lat' dir='ltr'>revocari</span> 
     </span>
    </p>

    <p class='ocr_par' dir='ltr' id='par_1_6' title="bbox 529 1888 803 1971">
     <span class='ocr_line' id='line_1_14' title="bbox 529 1888 803 1971; baseline 0.015 -20"><span class='ocrx_word' id='word_1_43' title='bbox 529 1888 603 1952; x_wconf 86' lang='lat' dir='ltr'>lecit</span> <span class='ocrx_word' id='word_1_44' title='bbox 616 1890 722 1971; x_wconf 89' lang='lat' dir='ltr'>eisque</span> <span class='ocrx_word' id='word_1_45' title='bbox 737 1893 803 1955; x_wconf 90' lang='lat' dir='ltr'>dari</span> 
     </span>
    </p>

    <p class='ocr_par' dir='ltr' id='par_1_7' title="bbox 529 1994 919 2078">
     <span class='ocr_line' id='line_1_15' title="bbox 529 1994 919 2078; baseline 0.015 -23"><span class='ocrx_word' id='word_1_46' title='bbox 529 1994 598 2056; x_wconf 92' lang='lat' dir='ltr'>auri</span> <span class='ocrx_word' id='word_1_47' title='bbox 611 1996 735 2074; x_wconf 93' lang='lat' dir='ltr'>pondus</span> <span class='ocrx_word' id='word_1_48' title='bbox 748 1998 898 2075; x_wconf 90' lang='lat' dir='ltr'>praeclari</span> <span class='ocrx_word' id='word_1_49' title='bbox 910 2025 919 2078; x_wconf 73' lang='lat'>3</span> 
     </span>
    </p>

    <p class='ocr_par' dir='ltr' id='par_1_8' title="bbox 532 2099 876 2177">
     <span class='ocr_line' id='line_1_16' title="bbox 532 2099 876 2177; baseline 0.009 -17"><span class='ocrx_word' id='word_1_50' title='bbox 532 2099 577 2160; x_wconf 91' lang='lat' dir='ltr'>sic</span> <span class='ocrx_word' id='word_1_51' title='bbox 589 2102 710 2177; x_wconf 89' lang='lat' dir='ltr'>patrem</span> <span class='ocrx_word' id='word_1_52' title='bbox 721 2101 876 2163; x_wconf 86' lang='lat' dir='ltr'>consolari</span> 
     </span>
    </p>

    <p class='ocr_par' dir='ltr' id='par_1_9' title="bbox 532 2203 913 2280">
     <span class='ocr_line' id='line_1_17' title="bbox 532 2203 913 2280; baseline -0.003 -15"><span class='ocrx_word' id='word_1_53' title='bbox 532 2203 641 2266; x_wconf 85' lang='lat' dir='ltr'>volens</span> <span class='ocrx_word' id='word_1_54' title='bbox 651 2204 684 2262; x_wconf 91' lang='lat' dir='ltr'>et</span> <span class='ocrx_word' id='word_1_55' title='bbox 696 2204 848 2266; x_wconf 89' lang='lat' dir='ltr'>asservari</span> <span class='ocrx_word' id='word_1_56' title='bbox 861 2208 913 2280; x_wconf 89' lang='lat' dir='ltr'>(t).</span> 
     </span>
    </p>
   </div>
   <div class='ocr_carea' id='block_1_4' title="bbox 495 2333 876 2413">
    <p class='ocr_par' dir='ltr' id='par_1_10' title="bbox 495 2333 876 2413">
     <span class='ocr_line' id='line_1_18' title="bbox 495 2333 876 2413; baseline 0.003 -18"><span class='ocrx_word' id='word_1_57' title='bbox 495 2335 620 2395; x_wconf 82' lang='lat' dir='ltr'>Festum</span> <span class='ocrx_word' id='word_1_58' title='bbox 633 2349 709 2412; x_wconf 89' lang='lat' dir='ltr'>ergo</span> <span class='ocrx_word' id='word_1_59' title='bbox 720 2333 876 2413; x_wconf 89' lang='lat' dir='ltr'>pontificis</span> 
     </span>
    </p>
   </div>
   <div class='ocr_carea' id='block_1_5' title="bbox 492 2434 877 2608">
    <p class='ocr_par' dir='ltr' id='par_1_11' title="bbox 492 2434 877 2608">
     <span class='ocr_line' id='line_1_19' title="bbox 492 2434 834 2519; baseline 0.009 -22"><span class='ocrx_word' id='word_1_60' title='bbox 492 2439 559 2516; x_wconf 84' lang='lat' dir='ltr'>jam</span> <span class='ocrx_word' id='word_1_61' title='bbox 572 2434 682 2499; x_wconf 89' lang='lat' dir='ltr'>sociati</span> <span class='ocrx_word' id='word_1_62' title='bbox 694 2437 834 2519; x_wconf 80' lang='lat' dir='ltr'>coelicis,</span> 
     </span>
     <span class='ocr_line' id='line_1_20' title="bbox 496 2543 877 2608; baseline 0.005 -3"><span class='ocrx_word' id='word_1_63' title='bbox 496 2561 569 2605; x_wconf 94' lang='lat' dir='ltr'>cum</span> <span class='ocrx_word' id='word_1_64' title='bbox 581 2543 724 2606; x_wconf 87' lang='lat' dir='ltr'>cantibus</span> <span class='ocrx_word' id='word_1_65' title='bbox 737 2544 877 2608; x_wconf 86' lang='lat' dir='ltr'>mirificis</span> 
     </span>
    </p>
   </div>
   <div class='ocr_carea' id='block_1_6' title="bbox 497 2652 970 2938">
    <p class='ocr_par' dir='ltr' id='par_1_12' title="bbox 497 2652 970 2938">
     <span class='ocr_line' id='line_1_21' title="bbox 497 2652 877 2733; baseline 0.011 -20"><span class='ocrx_word' id='word_1_66' title='bbox 497 2653 590 2730; x_wconf 88' lang='lat' dir='ltr'>atque</span> <span class='ocrx_word' id='word_1_67' title='bbox 607 2652 709 2714; x_wconf 89' lang='lat' dir='ltr'>modis</span> <span class='ocrx_word' id='word_1_68' title='bbox 722 2653 877 2733; x_wconf 85' lang='lat' dir='ltr'>organicis</span> 
     </span>
     <span class='ocr_line' id='line_1_22' title="bbox 498 2754 879 2838; baseline 0.008 -23"><span class='ocrx_word' id='word_1_69' title='bbox 498 2754 660 2818; x_wconf 78' lang='lat' dir='ltr'>festivatur</span> <span class='ocrx_word' id='word_1_70' title='bbox 672 2757 733 2818; x_wconf 91' lang='lat' dir='ltr'>hac</span> <span class='ocrx_word' id='word_1_71' title='bbox 744 2756 879 2838; x_wconf 78' lang='lat' dir='ltr'>clericis,</span> 
     </span>
     <span class='ocr_line' id='line_1_23' title="bbox 499 2862 970 2938; baseline 0.006 -15"><span class='ocrx_word' id='word_1_72' title='bbox 499 2862 525 2924; x_wconf 92' lang='lat' dir='ltr'>si</span> <span class='ocrx_word' id='word_1_73' title='bbox 540 2863 676 2927; x_wconf 83' lang='lat' dir='ltr'>maxime</span> <span class='ocrx_word' id='word_1_74' title='bbox 689 2864 905 2928; x_wconf 81' lang='lat' dir='ltr'>scholasticis!</span> <span class='ocrx_word' id='word_1_75' title='bbox 968 2932 970 2938; x_wconf 46' lang='grc'>,</span> 
     </span>
    </p>
   </div>
   <div class='ocr_carea' id='block_1_7' title="bbox 628 3042 1015 3116">
    <p class='ocr_par' dir='ltr' id='par_1_13' title="bbox 628 3042 1015 3116">
     <span class='ocr_line' id='line_1_24' title="bbox 628 3042 1015 3116; baseline -0.008 -12"><span class='ocrx_word' id='word_1_76' title='bbox 628 3042 727 3104; x_wconf 69' lang='lat' dir='ltr'>Cleant</span> <span class='ocrx_word' id='word_1_77' title='bbox 747 3044 795 3104; x_wconf 84' lang='lat' dir='ltr'>des</span> <span class='ocrx_word' id='word_1_78' title='bbox 813 3042 972 3116; x_wconf 67' lang='lat' dir='ltr'>Poleam(</span> <span class='ocrx_word' id='word_1_79' title='bbox 996 3047 1015 3116; x_wconf 86' lang='lat'>).</span> 
     </span>
    </p>
   </div>
   <div class='ocr_carea' id='block_1_8' title="bbox 542 3194 938 3378">
    <p class='ocr_par' dir='ltr' id='par_1_14' title="bbox 542 3194 938 3378">
     <span class='ocr_line' id='line_1_25' title="bbox 543 3194 938 3275; baseline 0.008 -21"><span class='ocrx_word' id='word_1_80' title='bbox 543 3194 622 3254; x_wconf 75' lang='lat' dir='ltr'>Audi</span> <span class='ocrx_word' id='word_1_81' title='bbox 636 3211 709 3273; x_wconf 79' lang='lat' dir='ltr'>nos,</span> <span class='ocrx_word' id='word_1_82' title='bbox 723 3200 791 3256; x_wconf 82' lang='lat' dir='ltr'>Rex</span> <span class='ocrx_word' id='word_1_83' title='bbox 803 3195 938 3275; x_wconf 78' lang='lat' dir='ltr'>Christe3</span> 
     </span>
     <span class='ocr_line' id='line_1_26' title="bbox 542 3296 871 3378; baseline 0 -20"><span class='ocrx_word' id='word_1_84' title='bbox 542 3296 616 3358; x_wconf 93' lang='lat' dir='ltr'>audi</span> <span class='ocrx_word' id='word_1_85' title='bbox 630 3313 704 3376; x_wconf 79' lang='lat' dir='ltr'>nos,</span> <span class='ocrx_word' id='word_1_86' title='bbox 724 3296 871 3378; x_wconf 82' lang='lat' dir='ltr'>Domine,</span> 
     </span>
    </p>
   </div>
   <div class='ocr_carea' id='block_1_9' title="bbox 503 3403 910 3486">
    <p class='ocr_par' dir='ltr' id='par_1_15' title="bbox 503 3403 910 3486">
     <span class='ocr_line' id='line_1_27' title="bbox 503 3403 910 3486; baseline 0.005 -22"><span class='ocrx_word' id='word_1_87' title='bbox 503 3407 534 3464; x_wconf 90' lang='lat' dir='ltr'>et</span> <span class='ocrx_word' id='word_1_88' title='bbox 545 3403 627 3467; x_wconf 91' lang='lat' dir='ltr'>viam</span> <span class='ocrx_word' id='word_1_89' title='bbox 639 3406 779 3466; x_wconf 89' lang='lat' dir='ltr'>nostram</span> <span class='ocrx_word' id='word_1_90' title='bbox 794 3404 910 3486; x_wconf 85' lang='lat' dir='ltr'>dirige!</span> 
     </span>
    </p>
   </div>
   <div class='ocr_carea' id='block_1_10' title="bbox 277 3585 1379 4200">
    <p class='ocr_par' dir='ltr' id='par_1_16' title="bbox 277 3585 1379 4200">
     <span class='ocr_line' id='line_1_28' title="bbox 303 3585 1377 3652; baseline -0.007 -13"><span class='ocrx_word' id='word_1_91' title='bbox 303 3595 332 3652; x_wconf 82' lang='lat' dir='ltr'>(l)</span> <span class='ocrx_word' id='word_1_92' title='bbox 345 3590 468 3637; x_wconf 69' lang='lat' dir='ltr'>Artemoni</span> <span class='ocrx_word' id='word_1_93' title='bbox 482 3589 558 3635; x_wconf 76' lang='lat' dir='ltr'>u’etait</span> <span class='ocrx_word' id='word_1_94' title='bbox 574 3601 614 3646; x_wconf 83' lang='lat' dir='ltr'>pas</span> <span class='ocrx_word' id='word_1_95' title='bbox 632 3588 739 3645; x_wconf 73' lang='lat' dir='ltr'>deponent</span> <span class='ocrx_word' id='word_1_96' title='bbox 751 3588 806 3634; x_wconf 86' lang='lat' dir='ltr'>dans</span> <span class='ocrx_word' id='word_1_97' title='bbox 826 3585 828 3589; x_wconf 76' lang='grc'>’</span> <span class='ocrx_word' id='word_1_98' title='bbox 841 3601 913 3645; x_wconf 89' lang='lat' dir='ltr'>panno</span> <span class='ocrx_word' id='word_1_99' title='bbox 924 3589 1043 3634; x_wconf 84' lang='lat' dir='ltr'>involutam</span> <span class='ocrx_word' id='word_1_100' title='bbox 1057 3591 1079 3635; x_wconf 90' lang='lat' dir='ltr'>iu</span> <span class='ocrx_word' id='word_1_101' title='bbox 1090 3593 1177 3637; x_wconf 85' lang='lat' dir='ltr'>domum</span> <span class='ocrx_word' id='word_1_102' title='bbox 1191 3596 1239 3650; x_wconf 80' lang='lat' dir='ltr'>ejus</span> <span class='ocrx_word' id='word_1_103' title='bbox 1251 3607 1292 3652; x_wconf 72' lang='lat' dir='ltr'>per</span> <span class='ocrx_word' id='word_1_104' title='bbox 1302 3595 1377 3644; x_wconf 63' lang='lat' dir='ltr'>sem.</span> 
     </span>
     <span class='ocr_line' id='line_1_29' title="bbox 277 3648 1376 3714; baseline 0.004 -14"><span class='ocrx_word' id='word_1_105' title='bbox 277 3653 299 3700; x_wconf 82' lang='lat' dir='ltr'>la</span> <span class='ocrx_word' id='word_1_106' title='bbox 308 3655 378 3698; x_wconf 86' lang='lat' dir='ltr'>bonne</span> <span class='ocrx_word' id='word_1_107' title='bbox 390 3651 481 3706; x_wconf 73' lang='lat' dir='ltr'>latinite,</span> <span class='ocrx_word' id='word_1_108' title='bbox 491 3655 514 3695; x_wconf 91' lang='lat' dir='ltr'>et</span> <span class='ocrx_word' id='word_1_109' title='bbox 525 3650 620 3695; x_wconf 85' lang='lat' dir='ltr'>leverbe</span> <span class='ocrx_word' id='word_1_110' title='bbox 629 3648 715 3694; x_wconf 78' lang='lat' dir='ltr'>Facere</span> <span class='ocrx_word' id='word_1_111' title='bbox 726 3651 806 3695; x_wconf 84' lang='lat' dir='ltr'>devant</span> <span class='ocrx_word' id='word_1_112' title='bbox 842 3655 899 3695; x_wconf 86' lang='lat' dir='ltr'>tram</span> <span class='ocrx_word' id='word_1_113' title='bbox 921 3657 985 3696; x_wconf 87' lang='lat' dir='ltr'>nocte</span> <span class='ocrx_word' id='word_1_114' title='bbox 1005 3651 1062 3696; x_wconf 86' lang='lat' dir='ltr'>olam</span> <span class='ocrx_word' id='word_1_115' title='bbox 1077 3655 1131 3709; x_wconf 86' lang='lat' dir='ltr'>jecit</span> <span class='ocrx_word' id='word_1_116' title='bbox 1149 3661 1171 3697; x_wconf 82' lang='lat' dir='ltr'>et</span> <span class='ocrx_word' id='word_1_117' title='bbox 1190 3657 1246 3701; x_wconf 89' lang='lat' dir='ltr'>clam</span> <span class='ocrx_word' id='word_1_118' title='bbox 1267 3662 1376 3714; x_wconf 58' lang='lat' dir='ltr'>recessim</span> 
     </span>
     <span class='ocr_line' id='line_1_30' title="bbox 277 3711 1376 3776; baseline -0.002 -16"><span class='ocrx_word' id='word_1_119' title='bbox 277 3727 308 3760; x_wconf 90' lang='lat' dir='ltr'>un</span> <span class='ocrx_word' id='word_1_120' title='bbox 325 3719 388 3758; x_wconf 87' lang='lat' dir='ltr'>autre</span> <span class='ocrx_word' id='word_1_121' title='bbox 403 3712 470 3757; x_wconf 82' lang='lat' dir='ltr'>verbe</span> <span class='ocrx_word' id='word_1_122' title='bbox 483 3712 497 3756; x_wconf 76' lang='lat' dir='ltr'>t</span> <span class='ocrx_word' id='word_1_123' title='bbox 509 3711 613 3755; x_wconf 79' lang='lat' dir='ltr'>l’inllnitll</span> <span class='ocrx_word' id='word_1_124' title='bbox 627 3711 696 3767; x_wconf 82' lang='lat' dir='ltr'>passil</span> <span class='ocrx_word' id='word_1_125' title='bbox 712 3716 745 3755; x_wconf 86' lang='lat' dir='ltr'>est</span> <span class='ocrx_word' id='word_1_126' title='bbox 765 3711 807 3755; x_wconf 86' lang='lat' dir='ltr'>lort</span> <span class='ocrx_word' id='word_1_127' title='bbox 841 3711 948 3769; x_wconf 74' lang='lat' dir='ltr'>Lepertdo</span> <span class='ocrx_word' id='word_1_128' title='bbox 959 3726 1041 3768; x_wconf 67' lang='lat' dir='ltr'>ocrea,</span> <span class='ocrx_word' id='word_1_129' title='bbox 1056 3715 1091 3760; x_wconf 88' lang='lat' dir='ltr'>ch.</span> <span class='ocrx_word' id='word_1_130' title='bbox 1105 3728 1142 3770; x_wconf 92' lang='grc' dir='ltr'><strong>ιιι,</strong></span> <span class='ocrx_word' id='word_1_131' title='bbox 1154 3728 1201 3772; x_wconf 86' lang='lat' dir='ltr'>par.</span> <span class='ocrx_word' id='word_1_132' title='bbox 1214 3723 1239 3771; x_wconf 82' lang='lat' dir='ltr'>t,</span> <span class='ocrx_word' id='word_1_133' title='bbox 1253 3731 1276 3774; x_wconf 91' lang='lat' dir='ltr'>p.</span> <span class='ocrx_word' id='word_1_134' title='bbox 1287 3725 1329 3776; x_wconf 69' lang='lat' dir='ltr'>aa,</span> <span class='ocrx_word' id='word_1_135' title='bbox 1341 3722 1376 3766; x_wconf 63' lang='lat' dir='ltr'>aa,</span> 
     </span>
     <span class='ocr_line' id='line_1_31' title="bbox 278 3771 1013 3830; baseline -0.016 -9"><span class='ocrx_word' id='word_1_136' title='bbox 278 3773 443 3830; x_wconf 75' lang='lat' dir='ltr'>remarqualtle3</span> <span class='ocrx_word' id='word_1_137' title='bbox 458 3785 497 3818; x_wconf 89' lang='lat' dir='ltr'>ear</span> <span class='ocrx_word' id='word_1_138' title='bbox 512 3784 537 3818; x_wconf 86' lang='lat' dir='ltr'>ce</span> <span class='ocrx_word' id='word_1_139' title='bbox 548 3772 582 3816; x_wconf 88' lang='lat' dir='ltr'>lut</span> <span class='ocrx_word' id='word_1_140' title='bbox 596 3772 653 3816; x_wconf 87' lang='lat' dir='ltr'>saint</span> <span class='ocrx_word' id='word_1_141' title='bbox 664 3771 750 3816; x_wconf 81' lang='lat' dir='ltr'>nicolas</span> <span class='ocrx_word' id='word_1_142' title='bbox 760 3771 806 3816; x_wconf 93' lang='lat' dir='ltr'>lul·</span> <span class='ocrx_word' id='word_1_143' title='bbox 842 3775 868 3819; x_wconf 77' lang='lat' dir='ltr'>de</span> <span class='ocrx_word' id='word_1_144' title='bbox 883 3775 913 3820; x_wconf 80' lang='grc' dir='ltr'>Μ.</span> <span class='ocrx_word' id='word_1_145' title='bbox 925 3774 1013 3820; x_wconf 58' lang='lat' dir='ltr'>arasse,</span> 
     </span>
     <span class='ocr_line' id='line_1_32' title="bbox 279 3832 1376 3900; baseline -0.004 -18"><span class='ocrx_word' id='word_1_146' title='bbox 279 3839 351 3882; x_wconf 78' lang='lat' dir='ltr'>meme</span> <span class='ocrx_word' id='word_1_147' title='bbox 377 3834 415 3890; x_wconf 86' lang='lat' dir='ltr'>qui</span> <span class='ocrx_word' id='word_1_148' title='bbox 432 3834 503 3879; x_wconf 87' lang='lat' dir='ltr'>donna</span> <span class='ocrx_word' id='word_1_149' title='bbox 525 3834 563 3878; x_wconf 73' lang='lat' dir='ltr'>l’or</span> <span class='ocrx_word' id='word_1_150' title='bbox 585 3845 631 3878; x_wconf 82' lang='lat' dir='ltr'>aux</span> <span class='ocrx_word' id='word_1_151' title='bbox 648 3834 726 3888; x_wconf 83' lang='lat' dir='ltr'>jeunes</span> <span class='ocrx_word' id='word_1_152' title='bbox 746 3832 807 3877; x_wconf 85' lang='lat' dir='ltr'>lilles.</span> <span class='ocrx_word' id='word_1_153' title='bbox 869 3836 898 3891; x_wconf 72' lang='lat' dir='ltr'>(a)</span> <span class='ocrx_word' id='word_1_154' title='bbox 912 3836 954 3882; x_wconf 77' lang='lat' dir='ltr'>lis.</span> <span class='ocrx_word' id='word_1_155' title='bbox 973 3838 998 3881; x_wconf 88' lang='lat' dir='ltr'>B.</span> <span class='ocrx_word' id='word_1_156' title='bbox 1021 3839 1047 3884; x_wconf 87' lang='lat' dir='ltr'>de</span> <span class='ocrx_word' id='word_1_157' title='bbox 1069 3838 1191 3895; x_wconf 80' lang='lat' dir='ltr'>Glermont,</span> <span class='ocrx_word' id='word_1_158' title='bbox 1213 3850 1241 3884; x_wconf 83' lang='lat' dir='ltr'>no</span> <span class='ocrx_word' id='word_1_159' title='bbox 1262 3845 1302 3887; x_wconf 79' lang='lat'>¹89</span> <span class='ocrx_word' id='word_1_160' title='bbox 1323 3845 1376 3900; x_wconf 67' lang='grc' dir='ltr'><strong>(χιι</strong></span> 
     </span>
     <span class='ocr_line' id='line_1_33' title="bbox 280 3895 1378 3956; baseline 0.003 -13"><span class='ocrx_word' id='word_1_161' title='bbox 280 3899 344 3943; x_wconf 85' lang='lat' dir='ltr'>Tunc</span> <span class='ocrx_word' id='word_1_162' title='bbox 355 3896 445 3952; x_wconf 81' lang='lat' dir='ltr'>quidam</span> <span class='ocrx_word' id='word_1_163' title='bbox 456 3895 692 3948; x_wconf 66' lang='lat' dir='ltr'>contempnamus,</span> <span class='ocrx_word' id='word_1_164' title='bbox 706 3895 759 3938; x_wconf 89' lang='lat' dir='ltr'>satis</span> <span class='ocrx_word' id='word_1_165' title='bbox 773 3905 809 3938; x_wconf 75' lang='lat' dir='ltr'>uo</span> <span class='ocrx_word' id='word_1_166' title='bbox 846 3896 930 3953; x_wconf 79' lang='lat' dir='ltr'>siecle).</span> <span class='ocrx_word' id='word_1_167' title='bbox 949 3897 991 3944; x_wconf 82' lang='lat' dir='ltr'>Ges</span> <span class='ocrx_word' id='word_1_168' title='bbox 1010 3899 1087 3944; x_wconf 82' lang='lat' dir='ltr'>chants</span> <span class='ocrx_word' id='word_1_169' title='bbox 1104 3899 1143 3943; x_wconf 70' lang='lat' dir='ltr'>cles</span> <span class='ocrx_word' id='word_1_170' title='bbox 1161 3902 1253 3956; x_wconf 83' lang='lat' dir='ltr'>pelenus</span> <span class='ocrx_word' id='word_1_171' title='bbox 1271 3903 1378 3950; x_wconf 82' lang='lat' dir='ltr'>devalent</span> 
     </span>
     <span class='ocr_line' id='line_1_34' title="bbox 280 3954 1379 4014; baseline -0.008 -11"><span class='ocrx_word' id='word_1_172' title='bbox 280 3959 343 4014; x_wconf 84' lang='lat' dir='ltr'>bilis,</span> <span class='ocrx_word' id='word_1_173' title='bbox 355 3963 400 4003; x_wconf 86' lang='lat' dir='ltr'>tres</span> <span class='ocrx_word' id='word_1_174' title='bbox 409 3957 464 4002; x_wconf 83' lang='lat' dir='ltr'>filias</span> <span class='ocrx_word' id='word_1_175' title='bbox 473 3958 568 4014; x_wconf 79' lang='lat' dir='ltr'>virgines</span> <span class='ocrx_word' id='word_1_176' title='bbox 580 3956 607 4001; x_wconf 87' lang='lat' dir='ltr'>oh</span> <span class='ocrx_word' id='word_1_177' title='bbox 622 3955 717 4010; x_wconf 86' lang='lat' dir='ltr'>inopiam</span> <span class='ocrx_word' id='word_1_178' title='bbox 728 3954 810 4009; x_wconf 86' lang='lat' dir='ltr'>prosu-</span> <span class='ocrx_word' id='word_1_179' title='bbox 846 3961 892 4001; x_wconf 85' lang='lat' dir='ltr'>etra</span> <span class='ocrx_word' id='word_1_180' title='bbox 904 3969 963 4002; x_wconf 83' lang='lat' dir='ltr'>assez</span> <span class='ocrx_word' id='word_1_181' title='bbox 973 3959 1107 4013; x_wconf 66' lang='lat' dir='ltr'>nemineum</span> <span class='ocrx_word' id='word_1_182' title='bbox 1123 3971 1161 4005; x_wconf 79' lang='lat' dir='ltr'>car</span> <span class='ocrx_word' id='word_1_183' title='bbox 1169 3974 1198 4006; x_wconf 91' lang='lat' dir='ltr'>on</span> <span class='ocrx_word' id='word_1_184' title='bbox 1207 3963 1231 4006; x_wconf 77' lang='grc' dir='ltr'><strong>ιη</strong></span> <span class='ocrx_word' id='word_1_185' title='bbox 1240 3963 1296 4008; x_wconf 58' lang='lat' dir='ltr'>dans</span> <span class='ocrx_word' id='word_1_186' title='bbox 1306 3966 1379 4010; x_wconf 64' lang='lat' dir='ltr'>1,va</span> 
     </span>
     <span class='ocr_line' id='line_1_35' title="bbox 281 4016 1376 4078; baseline 0.005 -14"><span class='ocrx_word' id='word_1_187' title='bbox 281 4028 344 4066; x_wconf 83' lang='lat' dir='ltr'>tuere</span> <span class='ocrx_word' id='word_1_188' title='bbox 362 4019 454 4075; x_wconf 81' lang='lat' dir='ltr'>cogitur,</span> <span class='ocrx_word' id='word_1_189' title='bbox 473 4024 497 4062; x_wconf 89' lang='lat' dir='ltr'>ut</span> <span class='ocrx_word' id='word_1_190' title='bbox 510 4018 541 4063; x_wconf 85' lang='lat' dir='ltr'>sic</span> <span class='ocrx_word' id='word_1_191' title='bbox 553 4017 629 4062; x_wconf 80' lang='lat' dir='ltr'>infami</span> <span class='ocrx_word' id='word_1_192' title='bbox 645 4028 721 4062; x_wconf 82' lang='lat' dir='ltr'>eorum</span> <span class='ocrx_word' id='word_1_193' title='bbox 735 4016 757 4071; x_wconf 80' lang='lat' dir='ltr'>ll.</span> <span class='ocrx_word' id='word_1_194' title='bbox 771 4028 811 4060; x_wconf 85' lang='lat' dir='ltr'>ea·</span> <span class='ocrx_word' id='word_1_195' title='bbox 846 4018 875 4061; x_wconf 88' lang='lat' dir='ltr'>du</span> <span class='ocrx_word' id='word_1_196' title='bbox 892 4018 1041 4064; x_wconf 84' lang='lat' dir='ltr'>hicnheureux</span> <span class='ocrx_word' id='word_1_197' title='bbox 1054 4019 1169 4075; x_wconf 72' lang='lat' dir='ltr'>Altmanm</span> <span class='ocrx_word' id='word_1_198' title='bbox 1182 4023 1266 4078; x_wconf 73' lang='lat' dir='ltr'>eraque</span> <span class='ocrx_word' id='word_1_199' title='bbox 1283 4026 1311 4070; x_wconf 81' lang='lat' dir='ltr'>de</span> <span class='ocrx_word' id='word_1_200' title='bbox 1325 4027 1376 4071; x_wconf 86' lang='lat' dir='ltr'>Pa·</span> 
     </span>
     <span class='ocr_line' id='line_1_36' title="bbox 281 4077 1376 4143; baseline 0.002 -17"><span class='ocrx_word' id='word_1_201' title='bbox 281 4082 340 4138; x_wconf 83' lang='lat' dir='ltr'>rum)</span> <span class='ocrx_word' id='word_1_202' title='bbox 351 4081 481 4126; x_wconf 85' lang='lat' dir='ltr'>commercio</span> <span class='ocrx_word' id='word_1_203' title='bbox 490 4081 591 4126; x_wconf 83' lang='lat' dir='ltr'>aleretur.</span> <span class='ocrx_word' id='word_1_204' title='bbox 600 4079 663 4136; x_wconf 82' lang='lat' dir='ltr'>Quod</span> <span class='ocrx_word' id='word_1_205' title='bbox 672 4078 710 4122; x_wconf 90' lang='lat' dir='ltr'>ubl</span> <span class='ocrx_word' id='word_1_206' title='bbox 718 4077 811 4122; x_wconf 82' lang='lat' dir='ltr'>sanetus</span> <span class='ocrx_word' id='word_1_207' title='bbox 846 4078 914 4134; x_wconf 85' lang='lat' dir='ltr'>douc,</span> <span class='ocrx_word' id='word_1_208' title='bbox 937 4080 974 4136; x_wconf 87' lang='lat' dir='ltr'>qui</span> <span class='ocrx_word' id='word_1_209' title='bbox 994 4084 1082 4124; x_wconf 86' lang='lat' dir='ltr'>mourut</span> <span class='ocrx_word' id='word_1_210' title='bbox 1102 4092 1129 4125; x_wconf 89' lang='lat' dir='ltr'>cn</span> <span class='ocrx_word' id='word_1_211' title='bbox 1152 4087 1223 4128; x_wconf 77' lang='lat' dir='ltr'>leat:</span> <span class='ocrx_word' id='word_1_212' title='bbox 1243 4085 1376 4143; x_wconf 80' lang='lat' dir='ltr'>intorques</span> 
     </span>
     <span class='ocr_line' id='line_1_37' title="bbox 283 4141 1376 4200; baseline 0.003 -13"><span class='ocrx_word' id='word_1_213' title='bbox 283 4143 396 4200; x_wconf 85' lang='lat' dir='ltr'>comperit,</span> <span class='ocrx_word' id='word_1_214' title='bbox 410 4141 481 4188; x_wconf 82' lang='lat' dir='ltr'>scelus</span> <span class='ocrx_word' id='word_1_215' title='bbox 494 4141 607 4188; x_wconf 78' lang='lat' dir='ltr'>abhorruit</span> <span class='ocrx_word' id='word_1_216' title='bbox 619 4145 642 4186; x_wconf 87' lang='lat' dir='ltr'>et</span> <span class='ocrx_word' id='word_1_217' title='bbox 655 4152 751 4186; x_wconf 85' lang='lat' dir='ltr'>massam</span> <span class='ocrx_word' id='word_1_218' title='bbox 763 4141 811 4184; x_wconf 88' lang='lat' dir='ltr'>auri</span> <span class='ocrx_word' id='word_1_219' title='bbox 847 4141 957 4197; x_wconf 77' lang='lat' dir='ltr'>praecipui</span> <span class='ocrx_word' id='word_1_220' title='bbox 965 4141 1009 4186; x_wconf 88' lang='lat' dir='ltr'>duo</span> <span class='ocrx_word' id='word_1_221' title='bbox 1019 4142 1118 4187; x_wconf 85' lang='lat' dir='ltr'>canonici</span> <span class='ocrx_word' id='word_1_222' title='bbox 1125 4145 1263 4199; x_wconf 69' lang='lat' dir='ltr'>extulerunt,</span> <span class='ocrx_word' id='word_1_223' title='bbox 1271 4147 1376 4193; x_wconf 80' lang='lat' dir='ltr'>videlicet</span> 
     </span>
    </p>
   </div>
   <div class='ocr_carea' id='block_1_11' title="bbox 0 0 1496 4952">
    <p class='ocr_par' dir='ltr' id='par_1_17' title="bbox 0 0 1496 4952">
     <span class='ocr_line' id='line_1_38' title="bbox 0 0 1496 4952; baseline 0 0"><span class='ocrx_word' id='word_1_224' title='bbox 0 0 1496 4952; x_wconf 95' lang='lat' dir='ltr'> </span> 
     </span>
    </p>
   </div>
  </div>
 </body>
</html>
