2892 4940
598 437 761 494 —163—

222 547 278 608 sed
291 550 432 612 moderni
444 557 606 632 praesules
619 560 705 624 hune
715 565 818 628 solum
832 567 955 648 legere:

222 651 251 714 Si
265 652 342 716 nihil
356 658 513 740 attuleris,
528 661 644 745 exibis,
662 669 802 734 Homere.

220 775 317 854 Magis
330 778 413 841 liunt
423 780 506 844 avidi
521 786 645 848 tumore
656 789 843 874 bursarum,

220 878 303 942 sitim
316 884 403 960 quod
417 887 603 971 multiplicat
616 893 687 956 lons
702 894 898 981 divitiarum,

219 985 293 1064 quie
306 987 352 1050 sic
365 989 545 1058 desiderant
559 1003 730 1078 congestus
744 1019 870 1088 earum,

219 1095 255 1153 ut
269 1111 381 1158 cervus
395 1097 553 1166 desiderat
566 1105 607 1168 ad
622 1106 726 1170 sontes
740 1127 904 1190 aquarum.

219 1217 249 1279 Si
264 1235 314 1281 me
328 1221 435 1285 forsan
449 1225 562 1288 odiunt
576 1230 617 1291 ob
630 1231 692 1298 hoe
703 1232 878 1317 Pharisaei,

217 1325 373 1402 quodeos
387 1345 452 1391 non
466 1333 556 1395 taceo
570 1337 678 1398 tantae
691 1355 763 1401 reos
777 1343 840 1422 rei,

128 1409 142 1432 ⁸
217 1433 353 1495 cantabo
368 1437 548 1515 suppliciter
561 1439 593 1501 in
607 1450 780 1524 conspeetu
794 1447 846 1510 Dei
862 1477 869 1508 ι

217 1538 284 1614 Ego
297 1538 382 1620 dixi,
397 1543 548 1624 Domine,
563 1545 797 1613 misereremei.

216 1670 278 1732 Sed
291 1675 411 1736 asculta
426 1679 487 1756 (l),
502 1677 665 1760 Pontifex,
688 1700 743 1744 cor
756 1686 877 1748 habens
892 1689 955 1748 tam
969 1706 1098 1754 coecum
1111 1718 1119 1772 3

217 1778 253 1837 ut
266 1779 432 1843 thesauros
446 1800 638 1866 congreges,
653 1788 785 1851 aestimo
800 1810 865 1854 non
878 1811 1033 1876 aequum,

214 1899 314 1961 quare
329 1885 406 1947 dicit
418 1887 570 1951 Dominus
584 1891 621 1951 ul
627 1893 693 1970 jam
707 1893 820 1975 loquar
832 1899 958 1962 tecum:

215 1993 326 2053 Nonne
340 2009 380 2054 ex
394 1993 524 2056 denario
538 1996 713 2060 convenisti
727 2008 874 2065 mecum?

216 2123 314 2204 Audi,
329 2128 440 2188 Pastor
452 2128 575 2208 ovium,
591 2129 695 2193 vivere
706 2131 733 2194 si
748 2132 844 2214 velis,

213 2231 354 2308 pugnato
367 2248 425 2310 pro
437 2233 531 2294 lsrael
543 2234 688 2297 manibus
705 2239 737 2298 et
748 2238 835 2321 telis3

212 2333 256 2396 sis
269 2335 302 2397 in
313 2335 408 2400 domo
420 2338 543 2402 Domini
556 2341 697 2420 prudens
709 2345 741 2404 et
754 2343 873 2426 fidelis,

212 2443 250 2501 ut
261 2442 390 2506 laudare
402 2446 509 2509 valeas
521 2447 690 2511 Dominum
703 2449 742 2515 de
754 2451 870 2514 coelis!

208 2653 310 2714 Satira
323 2657 358 2716 de
370 2655 477 2718 Pierre
495 2655 545 2718 dee
564 2659 668 2736 Vipnes
687 2677 739 2720 eur
760 2663 801 2722 les
821 2663 972 2726 desereres
985 2669 1024 2727 du
1045 2687 1128 2748 corps

531 2762 745 2840 ecclesiasticae
757 2766 809 2843 (2).

203 2930 389 2996 vehementi
403 2933 537 2998 nimium
550 2939 728 3002 commotus
739 2939 865 3018 dolore,

205 3055 384 3108 sermonem
396 3039 564 3120 aggredior
578 3040 738 3108 furibundi
751 3060 840 3107 more

131 3231 161 3287 (l)
190 3231 250 3274 l’our
273 3231 403 3286 cumeum
431 3237 489 3276 cette
516 3232 645 3288 corruption
680 3235 762 3291 (vopei
775 3235 937 3294 GreseImbeni,
955 3237 1042 3286 luterio
1057 3243 1121 3291 della
1136 3249 1218 3308 eolpar

103 3294 185 3340 n’etail
198 3303 239 3347 pas
252 3303 302 3336 rare
314 3293 411 3348 pendent
427 3292 446 3338 le
458 3305 537 3350 moyen
548 3297 600 3350 age.
676 3297 766 3352 poesim
777 3303 793 3341 t.
806 3298 850 3352 lll,
862 3313 883 3356 p.
891 3306 916 3357 93
931 3301 999 3348 Poeta·
1008 3303 1047 3348 del
1054 3307 1134 3362 primo
1144 3313 1217 3360 secolo

131 3358 162 3412 (2)
177 3354 249 3410 Apres
262 3354 324 3398 avoir
334 3355 370 3399 ele
383 3355 505 3411 longlemps
517 3354 643 3400 chancolier
678 3355 741 3402 dello
754 3356 839 3416 linquo
852 3361 970 3416 italiana,
986 3370 1002 3410 t.
1018 3366 1041 3421 l,
1057 3380 1077 3422 p.
1095 3374 1178 3427 39-54,
1192 3382 1215 3421 θι

100 3417 273 3471 ‹lel'empereur
286 3414 390 3460 Frederie
403 3416 426 3460 ll
438 3421 462 3460 el
473 3416 552 3462 l’eveir
563 3415 642 3462 eseiam
677 3417 784 3475 Reumer,
805 3420 941 3468 asserione
961 3425 1005 3471 dee
1023 3428 1214 3490 licionatensem,

99 3481 158 3525 lane
180 3481 254 3522 toules
269 3489 306 3522 see
323 3477 389 3520 luttes
402 3482 479 3522 contre
495 3478 515 3522 la
529 3478 641 3535 papante,
678 3483 693 3521 t.
707 3479 751 3534 Vl,
762 3493 784 3536 p.
801 3485 861 3536 506),
875 3489 897 3528 el
911 3487 977 3542 apres
987 3490 1050 3534 avoir
1061 3491 1121 3545 pane
1137 3495 1164 3538 rle
1177 3507 1213 3543 ees

100 3543 181 3588 Pione
194 3538 234 3583 des
247 3539 329 3594 Vignae
342 3537 377 3582 lut
388 3539 484 3590 accuse,
501 3539 562 3584 selon
572 3538 638 3594 quel·
674 3539 757 3591 lettres,
768 3542 904 3588 ‘trithemius
912 3546 979 3592 oleon
988 3549 1043 3592 dene
1052 3549 1072 3594 le
1080 3550 1212 3604 Chronico„

100 3614 159 3658 ques
169 3598 387 3652 eramusmaerore
396 3598 463 3644 voulu
472 3599 638 3656 l'empoisouner
674 3601 860 3658 uersantem,
874 3617 926 3650 eon.
941 3613 1012 3653 leae:
1026 3608 1106 3657 Fertur
1118 3617 1177 3663 enlm
1188 3628 1211 3666 ct

99 3677 146 3718 ou,
161 3675 189 3708 ee
198 3661 236 3717 qui
250 3671 305 3706 noue
314 3662 386 3717 parate
399 3661 448 3716 plue
459 3659 638 3714 renuentium,
667 3661 716 3706 ulia
730 3664 840 3718 quaedem
853 3667 981 3723 eerlpeisse3
996 3671 1052 3716 male
1063 3685 1170 3729 personne
1182 3693 1209 3727 ne

100 3725 127 3770 cle
142 3724 210 3770 s’etre
230 3722 303 3766 reudu
321 3734 350 3767 au
369 3732 426 3778 pepe
439 3721 546 3765 lnueeenl
560 3722 597 3777 ll,
615 3728 639 3766 et
673 3722 755 3766 semble
764 3725 825 3768 aveir
833 3737 905 3770 eonnu
914 3727 934 3770 le
941 3729 1043 3786 rhythme
1050 3745 1094 3790 que
1102 3749 1157 3784 noue
1165 3753 1209 3797 pu-

100 3791 141 3830 aue
152 3786 185 3832 les
196 3794 257 3840 pour
271 3785 356 3831 oteres.
371 3783 443 3832 Dante
461 3783 481 3826 le
499 3780 540 3826 leit
557 3781 637 3838 figuret
673 3782 749 3828 hlions.
762 3784 855 3830 Aneune
864 3787 961 3834 mention
976 3791 1024 3836 n'en
1038 3801 1072 3838 ece
1086 3796 1138 3843 laice
1152 3801 1207 3848 dnn.

99 3849 156 3892 dens
169 3858 211 3890 sou
222 3848 316 3901 potine:
672 3845 805 3890 l'edtuonle
816 3849 1206 3914 merneolouneeparlrellus‚a

144 3912 165 3946 ιο
175 3919 210 3944 „n
219 3909 369 3944 colmancanus
378 3907 432 3940 ambo
443 3908 461 3940 10
469 3907 530 3940 ohlau
673 3906 733 3958 Belo,
743 3918 770 3951 en
779 3912 838 3960 ¹740,
849 3915 872 3954 et
879 3910 895 3954 il
905 3915 1048 3966 parellevoir
1055 3918 1154 3976 eomppe
1161 3935 1206 3971 m

144 3951 506 4033 ffissfsffllfflfliffiffilsrffl
672 3967 816 4013 nombreuses
829 3971 961 4018 recherches
977 3975 1004 4020 de
1022 3977 1053 4023 ll.
1073 3979 1138 4025 Peru
1152 3984 1208 4032 dens

221 4043 282 4091 Detl’
294 4043 403 4101 lesem,
416 4045 453 4090 eh,
467 4056 506 4090 vffl
516 4075 523 4098 ‚
536 4056 558 4088 v,
570 4047 603 4088 53,
672 4029 703 4074 les
711 4041 752 4072 ms.
760 4029 798 4084 qui
809 4042 864 4101 nous
873 4038 912 4077 ont
922 4038 1027 4082 conserve
1037 4051 1073 4086 ses
1082 4053 1207 4104 ouvrages3

99 4113 135 4157 Dn
148 4111 240 4156 eennelt
251 4107 279 4150 de
289 4106 319 4151 lui
329 4109 434 4164 quelques
444 4106 538 4154 cunzoni
551 4105 638 4152 italiens
672 4101 740 4144 V⁰l0²
750 4089 838 4136 ΜΨ
853 4093 896 4137 del
912 4093 1066 4158 Ge⁸vlltchest
1077 4101 1120 4158 [ἰὸν
1132 4104 1207 4154 altere
