2892 4940
574 533 718 588 -95-

359 668 433 714 nam
447 653 553 715 locum
566 651 623 716 sibi
637 657 785 736 praeripit

359 758 820 841 uuusquisquequem-reperit

358 897 433 956 Post
445 894 627 974 nuptiarum
642 895 806 963 domiuum

356 997 471 1078 Adam,
486 1001 576 1078 pater
589 1001 788 1086 mortalium,

356 1102 395 1164 de
408 1103 600 1184 limogterruc
614 1107 785 1191 conditus,

355 1205 434 1269 [icus
445 1209 534 1272 sedet
546 1209 579 1273 iu
593 1209 770 1287 frondibus.

353 1346 396 1406 De
409 1344 478 1409 viro
491 1352 616 1427 sumpta
631 1346 747 1412 femina

355 1447 438 1511 heu!
454 1450 544 1513 sedet
556 1469 652 1532 super
665 1453 739 1517 sciis
819 1523 822 1534 ,

353 1569 434 1631 quae
448 1553 528 1616 ficus
541 1557 606 1618 iata
618 1559 755 1640 peperit,

353 1674 435 1735 quae
449 1675 483 1719 sc
499 1660 638 1738 tegendo
651 1664 786 1727 consuit

352 1793 550 1856 Parricidalis
564 1799 596 1858 et
607 1801 684 1861 Cain

349 1895 403 1976 qui
417 1899 486 1960 toto
500 1899 591 1963 vultu
602 1901 759 1985 concidit,

351 2003 426 2066 trux
441 2001 530 2066 sedet
540 2021 636 2085 super
649 2010 809 2072 sarculum

348 2122 413 2184 quo
427 2108 533 2170 fratris
545 2110 660 2189 sparsit
672 2116 847 2178 cerebrum.

351 2243 442 2325 Abel,
459 2243 534 2307 felix
546 2245 698 2325 puerulus

346 2362 441 2424 quem
454 2348 593 2428 respexit
606 2349 686 2413 coeli
700 2353 800 2433 Deus⁷

347 2470 387 2516 cu
401 2453 491 2516 sedet
504 2472 598 2534 super
611 2454 748 2537 vellera,

345 2555 487 2618 munitus
500 2555 693 2622 innocentia.

347 2695 429 2773 dot,
445 2694 534 2755 saber
543 2663 752 2778 justissimus,

347 2811 450 2857 uovus
463 2797 568 2858 cultor
579 2813 620 2876 ex
633 2797 768 2879 vitibus,

347 2892 437 2954 sedet
449 2892 537 2955 horis
548 2896 683 2960 convivii

347 3011 442 3074 super
454 2997 584 3060 archam
595 2998 713 3062 diluvii.

347 3137 421 3197 Post
433 3135 533 3197 risum
545 3137 640 3198 Surae
654 3138 800 3219 conjugis

246 3306 251 3314 ,
347 3241 507 3302 Abraham
520 3241 795 3325 sedet(1)uuptiis

347 3357 441 3418 super
451 3339 574 3402 radices
585 3339 665 3405 ilicis

346 3443 395 3505 sui
409 3461 482 3507 cum
495 3463 601 3511 massa
616 3446 752 3526 generis.

345 3587 424 3648 Loth
436 3585 540 3667 sedet,
556 3587 654 3648 irater
666 3587 827 3666 Abrahae,

345 3690 400 3769 qui
413 3689 497 3772 fugit
506 3692 614 3771 iguem
626 3690 799 3770 Sodomae,

345 3811 440 3873 super
452 3794 526 3856 selis
538 3793 702 3858 materiem
713 3796 757 3868 (2)

346 3919 428 3981 quae
442 3901 549 3965 deficit
560 3921 615 3982 per
628 3901 776 3982 pluviem.

107 4101 132 4155 (tt
143 4102 206 4147 Nous
226 4097 366 4154 supprimens
389 4093 417 4140 iu
437 4096 476 4152 qui
490 4099 525 4139 est
538 4093 614 4138 inutile
676 4095 704 4152 (Ξ)
718 4093 737 4138 u
749 4092 797 4138 saut
807 4105 859 4140 suus
873 4095 939 4142 doute
950 4097 989 4144 tire
1000 4099 1125 4144 materiam

82 4171 131 4214 pour
141 4164 162 4207 ts
180 4173 233 4208 sens
246 4164 268 4206 et
282 4158 352 4203 donne
370 4169 414 4202 uuo
429 4156 512 4212 sydahe
525 4155 552 4199 de
567 4159 614 4211 trop

84 4232 109 4264 uu
119 4236 177 4268 VGPS.
