2914 4944
742 426 908 485 *400*-

401 550 455 630 qui
466 547 577 614 mundi
590 553 692 614 mutet
703 555 796 635 jura,
812 555 946 633 J'ubeute
957 558 1032 617 Dee.
1173 625 1175 631 k

358 662 428 721 lam
440 657 566 722 venium
578 658 680 739 poscit
691 685 701 740 ς
713 662 781 740 jam
793 677 828 723 se
838 677 987 740 peccasse
999 663 1119 724 fatetur

398 763 486 844 quud
496 763 593 844 jussis
606 766 676 844 ejus
690 763 833 846 improba
847 767 1000 830 restiterit
1014 797 1023 849 3

358 875 428 934 lum
440 875 611 935 veneratur
623 889 697 935 eum
709 897 717 954 3
731 875 798 953 jam
813 891 944 954 prorsus
957 875 1102 938 subditur
1116 878 1186 955 ejus

399 977 537 1059 imperiis
548 1003 556 1060 3
569 982 636 1059 jam
650 996 685 1042 se
696 997 762 1042 nun
774 983 900 1061 reputat
914 981 1087 1045 dominam.

361 1087 510 1149 Laetatur
522 1087 702 1152 Machemes
717 1087 761 1149 ita
773 1104 808 1150 se
818 1087 932 1151 vicisse
946 1089 1134 1168 prophetam
1148 1137 1156 1167 ‚

402 1194 440 1254 ut
449 1210 506 1272 per
516 1209 588 1254 eum
604 1191 766 1256 dominam
780 1191 825 1255 sie
838 1192 896 1256 sibi
910 1192 1106 1273 subdiderit3

361 1302 401 1364 Et
413 1298 509 1362 dicit:
526 1323 542 1359 «
555 1299 642 1362 Nosti
654 1299 710 1362 tibi
725 1317 777 1363 me
788 1317 854 1363 nen
869 1300 947 1363 falsa
961 1301 1103 1363 locutum
1118 1325 1126 1379 3

399 1409 522 1469 vcertam
535 1410 567 1469 te
581 1409 625 1483 (1)
638 1407 713 1472 iecit
726 1407 778 1470 iile
793 1409 900 1470 sutura
914 1405 1039 1470 videns.

360 1517 453 1576 Nune
466 1513 563 1592 igitur
576 1513 654 1592 quid
666 1531 744 1594 agas
758 1516 790 1576 te
803 1513 933 1576 doctam
946 1511 1095 1577 convenit
1109 1531 1180 1576 esse
1193 1542 1202 1574 ι

404 1621 533 1701 quando
546 1621 751 1700 superveniet
760 1622 893 1700 augelus
907 1620 960 1682 iile
972 1619 1051 1682 mihi
1064 1668 1073 1700 ,

363 1725 451 1789 Sicut
461 1727 528 1806 jam
542 1725 626 1807 dixi,
640 1724 791 1791 virtutem
804 1728 887 1790 ferre
899 1725 1060 1807 nequih03

404 1831 461 1894 sed
474 1833 644 1914 tremulus,
659 1849 829 1913 spumans,
845 1831 989 1912 protinus
1002 1832 1070 1912 ipse
1083 1830 1209 1892 eadam.

358 1941 408 2000 'Tu
421 1955 497 2006 reru
510 1937 618 2001 statim
630 1955 683 2002 me
696 1941 784 2003 veste
799 1941 888 2018 teges
901 1937 1039 2018 pretiosa
1053 1986 1061 2017 ‚

406 2045 508 2108 donee
521 2044 598 2108 item
611 2046 722 2106 redeat
735 2047 869 2124 augelus
883 2045 925 2106 ad
939 2061 1083 2124 superes.

359 2149 394 2213 :si
409 2149 480 2229 quis
491 2150 575 2211 enim
588 2149 695 2213 videat
707 2167 758 2212 me
772 2152 886 2229 talem,
901 2148 1029 2212 nescius
1043 2149 1097 2211 alti

404 2253 543 2336 consilii,
558 2255 670 2316 morbo
686 2271 738 2315 me
752 2253 904 2316 cecidisse
916 2257 1017 2334 putet.
1036 2276 1052 2312 »

364 2363 418 2424 illa
430 2362 547 2424 refert:
564 2383 580 2419 «
593 2365 653 2423 Pro
665 2375 758 2439 posse
772 2375 881 2439 geram
891 2376 1101 2441 quaecunque
1110 2362 1238 2441 jubebis
1250 2390 1259 2444 3

403 2467 616 2532 intendentia
629 2471 661 2530 te
674 2483 781 2548 mens,
799 2481 931 2546 manue,
947 2483 1002 2549 os,
1018 2467 1123 2550 oeuli3

364 2579 479 2641 Contra
492 2574 644 2639 stara-tibi
656 2577 836 2654 praesumet
849 2591 946 2636 uerno
957 2591 1124 2654 meorum,

404 2699 479 2745 uam
492 2685 548 2744 tua
560 2680 778 2760 sarmatius,
793 2697 890 2760 quam
900 2697 972 2743 mea
984 2697 1067 2760 quae
1079 2697 1152 2744 mea
1165 2686 1251 2745 sunt.
1266 2705 1282 2740 a

363 2819 441 2883 Hinc
450 2816 579 2880 simulat
590 2815 770 2878 Machames
783 2813 907 2876 vultum
920 2812 1013 2876 solito
1029 2813 1208 2892 graviorem
1221 2865 1230 2897 ,

402 2930 453 3007 et,
466 2925 554 2990 velut
566 2941 585 2987 e
598 2922 687 2987 euelo
698 2919 838 3001 venerit,
853 2921 917 2982 alta
931 2923 1035 2982 sonat

362 3035 412 3101 Sic
425 3034 524 3096 risum
538 3031 618 3095 vitat
631 3033 664 3091 et
676 3029 772 3092 verba
786 3026 945 3092 moventia
960 3027 1081 3112 risum,

401 3143 438 3203 ut
450 3138 576 3219 stupeat
587 3133 730 3216 quisquis
742 3136 836 3196 autea
849 3135 959 3196 nosset
969 3150 1054 3198 eum.

360 3247 424 3312 Sub
437 3248 521 3307 terra
532 3243 710 3306 Machames
724 3256 882 3303 cameram
896 3239 962 3303 fieri
975 3241 1036 3305 sihi
1049 3241 1142 3324 tecit,

399 3350 432 3414 in
446 3367 542 3432 quam
553 3351 679 3430 praeter
692 3363 766 3408 eum
779 3347 886 3410 nullus
900 3345 1032 3410 haberet
1046 3348 1115 3410 iter.

358 3461 458 3532 Quam
471 3455 666 3518 Machamem
680 3453 822 3532 conjunx
832 3448 905 3514 ideo
916 3451 1028 3516 secisse
1038 3456 1191 3538 putabat,

398 3567 434 3626 ut
444 3562 577 3626 Domine
589 3562 696 3641 posset
706 3559 811 3623 vivere
824 3557 964 3622 liberius.

350 3672 416 3737 sed
428 3669 561 3735 vitulum
575 3668 703 3732 niveum
713 3668 891 3730 Machames
901 3667 1112 3734 absconderat
1123 3671 1210 3736 intus
1221 3721 1230 3754 ‚

395 3779 487 3858 eujus
498 3779 567 3840 erat
579 3779 673 3856 potus
683 3774 838 3855 Bacchus,
853 3776 886 3836 et
899 3792 970 3838 esca
981 3777 1087 3858 Ceres,
1110 3857 1113 3865 Ι

353 3884 412 3961 Qui
425 3885 472 3948 sic
484 3884 598 3948 doctus
609 3884 678 3946 erat
688 3881 794 3946 studio
806 3879 1010 3946 Machometis
1024 3887 1061 3946 ut
1078 3883 1148 3962 ejus

286 4106 314 4160 (1)
327 4103 362 4148 Ιο
372 4102 427 4146 dens
439 4101 465 4144 11.
