2914 4944
544 469 706 526 ——tOl—

210 608 243 654 se
258 592 391 671 genibus
405 592 495 656 llexis
506 597 662 658 sterneret
674 599 747 658 ante
761 598 856 676 pedes
868 624 876 678 3

171 701 207 760 ut
219 699 405 778 persistebat
418 700 450 762 iu
465 702 548 762 terra
560 700 644 764 sicut
657 701 792 766 adorans
804 753 812 785 ‚

209 804 307 868 donet
319 805 470 886 surgendi
483 805 574 886 signa
586 806 676 870 daret
685 801 862 872 Machames
874 811 926 891 (l).

170 937 308 1018 Contigit
322 941 358 1000 ut
368 938 481 1001 tierent
491 938 553 1002 illic
564 941 715 1003 solemnia
727 943 902 1024 quaedam,

211 1043 252 1106 ad
263 1063 345 1125 quae
357 1046 506 1110 convenit
517 1047 618 1127 patria
631 1050 698 1109 tota
713 1048 797 1129 lere3

170 1153 229 1212 Per
242 1169 276 1214 se
287 1155 468 1233 magnates,
482 1172 538 1234 per
550 1171 584 1216 se
597 1155 702 1235 plebs,
717 1158 750 1216 et
761 1155 921 1219 muliebris

211 1277 229 1321 a
240 1259 381 1324 maribus
394 1276 489 1322 sexus
503 1261 691 1326 dissociatus
704 1267 782 1326 erat.

169 1365 336 1429 Femineus
349 1382 445 1428 sexus
458 1365 491 1427 in
504 1366 607 1430 verbis
619 1385 743 1449 sempor
756 1371 915 1450 abundat3

211 1472 328 1536 dixeris
341 1491 509 1555 arcanum,
524 1475 579 1538 vix
589 1475 721 1539 reticere
734 1479 848 1557 potest.

170 1579 219 1642 Sic
234 1595 316 1642 uxor
328 1578 499 1642 blaebomis
512 1584 672 1644 conventu
684 1581 765 1644 dixit
777 1581 810 1644 in
822 1582 875 1644 illo

210 1701 292 1766 quae
305 1685 437 1748 celanda
450 1685 508 1749 sibi
524 1686 701 1750 crediderat
714 1691 901 1752 blachomes.

171 1795 310 1871 Namque
324 1790 373 1853 sui
387 1790 463 1853 dum
481 1808 626 1871 quaeque
638 1791 696 1856 viri
708 1794 819 1856 laudes
832 1795 1042 1872 memoraret,

211 1897 358 1960 omnibus
371 1895 438 1977 ipsa
455 1914 549 1960 suum
562 1899 744 1978 praeposuit
757 1900 952 1962 Machamem
965 1948 973 1979 ‚

172 2004 284 2066 Dicens
297 2031 304 2066 ι
323 2027 338 2063 «
353 2009 389 2066 ln
402 2003 515 2070 vestris
526 2003 680 2084 quidquid
697 2004 854 2068 laudabile
867 2008 993 2068 constat

210 2111 305 2190 longe
317 2109 478 2191 praecellit
490 2109 523 2172 in
535 2111 731 2174 llacbomcte
742 2129 824 2174 meo.

170 2216 251 2291 Quin
262 2216 377 2294 etiam,
391 2234 474 2283 nova
486 2217 512 2279 si
528 2235 591 2298 qua
605 2221 687 2280 Deus
698 2216 846 2298 proponit
858 2221 902 2293 (2)
915 2217 1057 2297 agenda,
1074 2249 1077 2258 .

208 2324 340 2403 angelus
354 2323 405 2386 ille
418 2340 490 2386 mco
502 2322 630 2386 nuntiat
642 2324 716 2384 ante
730 2321 819 2403 viro3

168 2432 224 2508 ut,
238 2427 312 2506 quia
326 2427 465 2506 conjugii
480 2445 539 2490 nos
553 2430 661 2488 castus
672 2443 762 2488 arnor
774 2426 851 2489 lacit
865 2445 985 2506 unum,

208 2531 295 2594 nulla
310 2534 402 2610 putat
413 2532 593 2592 blachomes
606 2547 672 2592 nou
685 2531 858 2609 retegeuda
875 2528 962 2590 mibi.

167 2639 268 2718 Unde,
284 2635 380 2699 fidem
393 2633 472 2698 mihi
486 2634 512 2696 si
528 2634 630 2698 tacitis
644 2640 767 2699 secreta
781 2638 890 2697 tenero

206 2760 288 2826 quae
299 2741 389 2807 vobis
401 2740 505 2804 dicam
517 2781 528 2820 ,κ
540 2740 619 2804 mira
633 2742 742 2802 lutura
757 2741 879 2818 loquar.
897 2763 912 2797 a

167 2850 331 2914 Affirmant
343 2863 454 2910 omnes
468 2863 503 2908 se
516 2845 603 2907 nulla
618 2843 752 2923 prodere
762 2861 876 2925 causa,

211 2956 312 3021 donec
325 2955 371 3019 eis
381 2954 559 3017 blachomes
576 2950 682 3032 ipsave
695 2949 876 3030 praecipiat.

101 3195 130 3249 11)
145 3191 182 3237 On
199 3205 213 3238 a
231 3192 263 3236 dit
282 3190 342 3236 aussi
359 3200 404 3246 que
426 3189 540 3236 ltabomet
553 3189 613 3233 avait
648 3186 856 3242 tattbaaarta'bua,
870 3189 907 3236 oh.
920 3201 964 3245 vu,
976 3201 998 3247 p.
1009 3195 1051 3240 21.
1065 3191 1185 3250 bl'appeu-

76 3255 169 3300 habitud
178 3267 222 3298 une
231 3252 329 3297 colomba
340 3251 421 3296 avolet
435 3263 474 3294 sur
487 3262 526 3295 son
535 3251 613 3307 epaulc
648 3249 696 3295 dica
715 3250 745 3294 du
764 3249 915 3308 Geoarapltia
933 3252 1078 3298 audiencia:
1092 3255 1183 3300 Summa

77 3323 99 3360 at
111 3317 164 3362 alul
179 3316 299 3372 becquetcr
312 3313 413 3367 lorello,
426 3317 449 3356 et
461 3311 514 3368 qu’il
523 3313 614 3368 pretan·
648 3311 801 3356 columbarum
821 3313 884 3369 copia
907 3313 1032 3370 invenitur3
1052 3327 1111 3372 quae
1130 3317 1184 3373 qula

78 3379 123 3422 dait
141 3379 243 3422 receuoir
259 3377 290 3420 les
303 3377 379 3420 ordres
398 3373 425 3418 da
444 3374 500 3418 Dteu
519 3385 559 3430 par
572 3385 612 3418 son
647 3377 699 3416 sunt
717 3373 744 3416 de
761 3384 841 3428 genere
855 3379 922 3429 atque
936 3375 1004 3430 stirpe
1021 3377 1070 3432 eius
1085 3388 1145 3433 quae
1155 3380 1184 3424 ad

78 3439 255 3493 intermddtalre3
269 3445 338 3492 royac
357 3434 467 3490 Scaliger,
490 3434 563 3481 llatae
585 3433 613 3478 ta
648 3433 785 3480 illabonredis
798 3445 865 3478 aures
885 3436 920 3490 tut
935 3436 1080 3482 Mostcroannl
1094 3451 1185 3496 nugan-

78 3501 219 3552 ltaailtama
235 3499 339 3553 Grotius,
352 3498 385 3542 De
399 3497 500 3541 veritate
510 3495 613 3554 retiato-
648 3496 696 3550 turl
710 3496 844 3551 accedebat,
859 3506 885 3540 eo
898 3496 978 3553 pollent
993 3498 1107 3555 privilegio
1117 3506 1184 3557 atque

78 3561 117 3606 aia
130 3561 291 3615 christianae,
312 3560 326 3604 l.
345 3571 380 3612 vr,
402 3572 424 3615 p.
445 3562 498 3610 1023
520 3557 612 3611 Naarda,
649 3557 796 3611 auctoritate,
817 3563 842 3610 ut
862 3569 905 3602 non
927 3558 997 3603 solum
1015 3571 1053 3604 eas
1069 3562 1184 3619 occidere,

80 3621 154 3680 Coapa
168 3623 253 3678 d'ttat,
268 3622 304 3667 ch.
320 3632 359 3674 nr,
372 3633 393 3676 p.
408 3623 460 3672 aaa,
481 3623 504 3663 et
522 3618 553 3664 ld.
570 3619 613 3664 lli-
649 3617 687 3661 sed
698 3622 737 3662 aut
746 3629 826 3674 capere
836 3624 875 3663 aut
886 3619 961 3675 lagare
973 3621 1035 3665 netas
1044 3633 1093 3666 esse
1106 3623 1186 3668 existi-

80 3683 145 3739 drou,
164 3681 334 3742 lcoooqrapbte
353 3680 505 3734 cbrtte'eoae,
525 3693 547 3736 p.
561 3683 611 3726 160.
649 3684 718 3722 ment.
735 3680 765 3724 La
777 3679 857 3725 silence
870 3693 913 3736 que
924 3682 1016 3736 gardent
1035 3683 1149 3729 llildebcrt
1162 3692 1186 3731 at

80 3744 192 3800 Pococlra‚
203 3745 326 3802 Spectmen
334 3741 500 3786 blatortaoram
507 3741 613 3796 arabaan,
649 3739 751 3785 Galterus
763 3752 847 3796 prouvc
858 3743 980 3799 cependant
995 3755 1039 3801 que
1049 3750 1107 3790 cette
1117 3748 1185 3792 tradi-

81 3812 153 3863 nctos,
172 3819 195 3862 p.
215 3810 260 3859 181,
278 3811 301 3850 at
315 3803 414 3856 Gibbon‚
429 3803 534 3848 Histoire
548 3802 576 3846 cte
590 3801 615 3846 la
650 3801 695 3846 tion
709 3801 784 3846 n'ttait
801 3813 842 3858 pas
862 3802 904 3848 tort
917 3804 1030 3860 repandae
1050 3807 1146 3862 pandant
1164 3810 1185 3855 la

81 3864 208 3913 decadeace
222 3866 251 3911 de
260 3865 375 3922 t’ltmptre
389 3864 495 3918 ramata,
509 3868 525 3907 t.
538 3863 573 3918 X,
586 3876 610 3919 p.
648 3863 796 3918 callositate,
810 3865 919 3921 quoique,
934 3865 990 3910 ainsi
1004 3867 1071 3923 qu’ou
1084 3868 1104 3914 la
1118 3882 1184 3917 varra

81 3934 131 3985 lat,
149 3939 202 3978 note
221 3937 246 3987 1,
264 3937 303 3975 out
323 3929 400 3976 assurt
413 3929 539 3984 qu’aucuue
552 3934 614 3972 traca
649 3926 697 3981 plus
715 3925 768 3980 baa,
785 3925 918 3971 Vincentius
938 3925 965 3970 de
978 3927 1089 3974 beauvais
1102 3941 1130 3976 en
1144 3935 1184 3978 ebt

79 3991 106 4035 dc
120 4001 177 4039 cette
189 3993 292 4038 tradition
303 4005 331 4038 ne
342 4004 367 4037 se
375 3991 473 4036 trouvait
486 4002 514 4035 an
524 3991 613 4043 Orient3
649 3987 808 4032 connaissance
819 3988 874 4032 dans
882 3988 902 4033 le
913 3987 992 4033 xllle.

81 4055 135 4098 mais
150 4069 179 4101 on
196 4056 221 4100 lit
243 4055 299 4098 dans
319 4053 407 4098 Gabriel
426 4051 509 4096 Sionita
523 4057 545 4097 et
558 4053 614 4096 toan
674 4059 705 4115 (a)
718 4057 829 4115 Disponit
840 4057 895 4103 dans
908 4059 936 4103 Α,

82 4113 213 4173 Herrontta,
229 4115 352 4160 Tractabat
365 4115 393 4159 de
403 4113 615 4160 amantiaortea-

1042 4165 1082 4228 26
