2892 4940
550 444 710 500 -133—

216 563 252 620 ut
265 561 377 624 elamet
390 580 426 625 os
439 579 549 627 verum
564 583 623 630 nee
633 573 735 632 cesset
746 571 870 654 dicere,

217 668 255 728 ut
267 667 465 731 benefaciant
477 669 567 733 vobis
576 673 609 746 (l.
622 672 744 752 nobisl)
757 679 907 758 suppositi

213 775 248 835 et
260 790 381 854 semper
392 775 532 838 habeant
545 776 689 844 timorem
703 783 836 848 Domini.

212 880 303 954 Quod
321 880 394 959 quia
412 882 532 964 lacere,
546 887 654 948 Patres
666 890 726 970 (1),
742 889 917 972 negligitis,

213 985 377 1048 vobiscum
391 986 472 1050 filios
485 987 527 1050 ad
540 993 675 1056 mortem
689 993 814 1058 ducitis.
889 1069 891 1074 ,

211 1094 276 1154 lloo
287 1090 373 1154 enim
385 1093 538 1173 seriptum
550 1099 614 1177 est,
628 1099 716 1178 quod
727 1117 821 1164 casus
831 1104 938 1183 populi

211 1194 245 1258 in
258 1195 318 1259 ista
332 1197 396 1261 vita
410 1203 485 1260 sunt
497 1200 570 1262 mali
584 1193 770 1284 presbyteri.

209 1305 288 1365 Cum
302 1302 335 1366 in
349 1304 520 1368 novissimo
533 1309 673 1389 requiret
685 1313 838 1376 Dominus

209 1409 395 1472 commissas
408 1411 530 1476 animas
544 1413 585 1478 de
599 1420 711 1481 vestris
725 1421 890 1503 manibus,

210 1516 249 1576 nt
260 1532 317 1579 vos
331 1520 406 1580 ante
418 1521 517 1582 Deum
531 1526 712 1600 praesentes
726 1526 831 1608 oritis,

207 1620 286 1700 quid
300 1621 411 1686 dicetis
423 1624 475 1687 ei?
493 1627 574 1700 Quid
587 1630 838 1710 respondebitis?

209 1729 289 1808 Vos,
304 1728 362 1790 nisi
379 1729 488 1811 iniquo
502 1736 729 1801 annuntiabitis

208 1833 315 1896 omnia
330 1835 461 1898 erimina
474 1855 557 1917 quae
569 1840 760 1924 intelligitis,

207 1941 246 2000 nt
259 1937 320 2002 nisi
333 1939 474 2004 viventes
488 1943 568 2006 baeo
582 1947 807 2031 emendabitis,

206 2062 283 2108 cum
294 2045 385 2108 malis
398 2047 432 2111 in
446 2047 553 2128 ignem
566 2054 730 2115 aeternum
743 2055 827 2121 ibitis
840 2069 851 2140 (
872 2064 894 2136 ).
914 2097 916 2104 -

246 2155 316 2214 Non
328 2155 376 2215 est
388 2152 548 2218 sufficiens
561 2157 717 2239 quidquid
726 2164 795 2241 jam
808 2167 924 2244 protuli

206 2256 269 2320 nisi
283 2257 461 2338 adjunxero
475 2263 560 2326 laeto
574 2263 755 2347 dictamini,

204 2366 248 2425 lle
263 2363 350 2427 salsis
363 2367 528 2430 monachis
542 2374 698 2449 quantum
713 2373 872 2457 intelligo,

204 2470 382 2534 seeundum
393 2489 489 2552 opera
500 2491 582 2554 quae
597 2476 636 2539 de
650 2478 700 2542 his
713 2481 820 2546 audio.

205 2578 275 2638 Non
289 2576 373 2640 enim
387 2577 474 2639 aliud
488 2583 563 2658 opto
575 2599 782 2668 oomponere,

206 2698 268 2744 neo
281 2699 402 2746 novum
415 2681 535 2762 aliquid
548 2702 667 2764 quaero
680 2691 880 2774 confingere,

205 2789 334 2851 Praeter
346 2789 409 2849 boo
420 2788 507 2867 quod
520 2789 598 2852 mihi
612 2791 652 2854 de
665 2792 726 2855 illis
739 2795 855 2860 dicitur

204 2897 302 2976 atque
315 2910 372 2972 per
385 2893 514 2957 eosdem
528 2898 612 2960 toras
627 2900 770 2961 extendit
811 2948 818 2962 .

204 3001 265 3082 lpsi
281 2999 321 3062 de
333 2999 433 3062 nihilo
447 2999 529 3063 inter
542 3017 576 3064 se
588 3009 791 3069 murmurant

204 3095 237 3174 et
249 3109 335 3174 siout
346 3107 483 3171 feminae
495 3112 688 3193 quandoque
700 3113 842 3194 lingant,

205 3218 329 3280 Habent
339 3215 399 3279 sub
410 3215 501 3280 labiis
514 3234 672 3282 venenum
685 3219 831 3300 aspidum
886 3299 892 3312 ¹

931 2213 942 2248 b

108 3440 135 3498 ll)
148 3445 165 3488 ll
176 3457 189 3502 y
200 3458 214 3492 a
224 3446 281 3493 dans
289 3445 310 3490 la
322 3458 364 3491 ma.
373 3445 464 3504 Patres,
478 3449 566 3505 soene.
753 3467 824 3500 murno
833 3461 889 3495 nonu
897 3460 974 3508 namt,

200 3534 205 3544 ι
753 3511 824 3556 semper
833 3507 852 3537 sl
858 3507 960 3560 luxuriosi,

106 3527 131 3582 (1)
181 3533 236 3568 liuor
244 3535 262 3568 al
270 3537 309 3567 tum
320 3534 410 3568 immun
753 3555 804 3580 emm
812 3549 865 3582 urdo
872 3552 973 3586 errmtnorl.

181 3579 231 3618 aitis,
242 3579 273 3611 vel
281 3581 320 3611 um
329 3577 421 3620 intlumtl,

184 3623 214 3655 vol
222 3623 309 3664 superbit
318 3622 387 3664 innan,
753 3643 810 3676 ‘rotas
819 3645 900 3679 mundun
909 3647 1023 3691 abhorreret,

184 3669 231 3699 certe
239 3667 269 3700 vel
278 3669 317 3700 tum
326 3665 427 3708 (lellmfir
755 3687 814 3719 vltum
822 3691 874 3722 tum
882 3690 899 3722 nl
907 3689 988 3736 nume,

186 3723 421 3768 lupar-anemurum
754 3733 772 3761 et
781 3739 804 3762 ne
814 3730 849 3764 tibl
858 3733 964 3768 autumn

184 3769 205 3800 in
212 3769 266 3802 altari
275 3769 321 3811 quid
329 3770 399 3811 ιςιῐίι,

183 3813 294 3847 salvotorem
303 3814 348 3848 dum
357 3815 440 3848 mutatis

185 3859 205 3888 ot
212 3855 289 3898 indigue
298 3858 401 3892 celebratis.
755 3869 807 3904 carn
817 3874 849 3914 tu,
858 3873 891 3913 qul
900 3875 976 3910 mlrnm
984 3877 1031 3912 allelu

187 3915 235 3950 llam
242 3921 315 3952 ematur
322 3920 407 3962 monle
754 3917 795 3956 1³⁰¹*
804 3917 909 3956 molstum
917 3921 1029 3966 meretricis,

186 3969 198 3993 t
205 3961 259 3994 wig,
267 3964 308 4002 μὴ,
316 3972 371 4004 qum
379 3964 491 4008 „mmmm
753 3959 845 3999 potaberis
856 3961 879 3994 ab
891 3963 975 3999 lnimlels

183 4009 436 4051 mmqumpgflowphpg¹
753 4003 825 4044 llquoro
833 4006 926 4046 sulphuris
935 4011 954 4042 et
961 4009 1016 4051 plois.

185 4049 261 4082 uber-na
268 4051 309 4091 plus
318 4061 373 4093 quum
382 4053 471 4087 sannatia.
750 4049 870 4118 Sermones
880 4055 945 4101 nulli
956 4061 1093 4116 partomi,
1106 4071 1130 4106 V.
1140 4065 1177 4108 tol

184 4111 310 4151 sumperunt·
318 4113 393 4158 ebrlosl,
787 4111 810 4150 θῑ
823 4118 880 4152 surr.
