2902 4940
575 459 735 514 —179-

337 581 454 659 Symon
467 580 585 658 trangit
597 597 691 644 omne
704 585 886 648 claustrum.

336 685 413 746 Cum
426 699 490 746 non
504 683 609 765 detur,
624 688 741 765 symon
752 689 883 770 stridet3

336 788 409 868 sed,
424 787 450 849 si
465 788 569 870 detur,
584 793 699 870 symon
714 793 805 855 ridet.

336 897 457 975 Symon
472 895 606 976 auffert,
620 899 738 978 symon
752 899 864 982 donat3

336 996 422 1058 bunc
434 995 577 1078 expellit,
592 999 679 1061 huuc
692 1004 841 1082 coronat3

337 1103 426 1161 Hunc
440 1099 616 1162 circumdet
630 1102 717 1182 gravi
731 1107 836 1184 peste⁷

339 1203 426 1265 illum
440 1203 571 1283 nuptiali
585 1209 690 1285 veste3

339 1305 384 1368 llli
399 1306 497 1369 donat
511 1307 670 1389 diadema,

339 1409 393 1490 qui
405 1429 491 1474 nunc
505 1415 572 1473 emt
585 1415 764 1476 anathema.

339 1519 406 1577 Jam
420 1533 454 1578 se
465 1519 581 1596 symon
596 1535 660 1580 uon
673 1519 853 1597 abscondit,

339 1637 391 1682 res
404 1619 572 1699 permiscet
581 1624 613 1683 et
626 1623 801 1685 contundit.

340 1725 401 1784 lste
414 1726 532 1804 symon
546 1725 776 1806 contundatur,

339 1827 390 1888 cui
404 1830 530 1888 tentum
542 1843 634 1906 posse
650 1827 758 1889 datur!

340 1933 458 2010 Symon
470 1932 580 1992 Petrus
594 1932 680 1994 bunc
693 1931 786 1994 elusit

340 2037 372 2098 et
385 2037 424 2098 ab
438 2038 502 2099 alto
513 2038 638 2116 jussum
651 2037 763 2118 trusIt,

339 2142 418 2201 Dum
434 2139 562 2218 Superbi
575 2143 681 2202 motus
694 2159 797 2220 penna

340 2237 435 2300 datus
448 2237 507 2300 fuit
520 2237 552 2302 in
567 2241 722 2318 gehenne.

339 2342 486 2422 Quisquis
499 2359 572 2406 eum
583 2344 742 2425 imitatur,

341 2463 413 2507 cum
424 2446 536 2508 eodem
548 2446 712 2530 puniatur,

341 2553 393 2630 Et,
406 2550 548 2629 sepultus
562 2550 593 2612 in
609 2550 784 2631 infernum,

341 2669 460 2733 poenas
470 2653 538 2714 luet
552 2651 582 2714 in
598 2655 777 2715 aeternum!

399 2873 539 2934 Cbcnsoc
559 2882 657 2934 contre
679 2876 705 2934 lc
723 2876 859 2952 mariage
877 2879 885 2945 t
910 2879 930 2946 ).

308 3054 352 3117 Sit
365 3058 430 3117 beo
445 3054 543 3133 gloria
555 3058 588 3116 et
599 3055 795 3133 benedictio,

136 3263 162 3317 (l)
175 3263 202 3306 Β.
218 3264 248 3306 ll.
265 3262 327 3306 louds
338 3261 365 3304 do
377 3259 540 3312 iletre-Deme,
553 3271 595 3302 ms.
610 3261 650 3301 cle
686 3257 786 3303 christete
796 3264 817 3302 et
827 3259 854 3303 de
864 3260 999 3303 devotlment
1007 3259 1125 3317 religieux,
1134 3249 1222 3318 l'l'lglise

111 3319 186 3374 (xmo
199 3323 292 3379 sieclel‚
307 3322 343 3367 iol.
355 3326 396 3375 86,
410 3327 482 3365 recto.
497 3320 645 3376 (lebentem,
685 3319 718 3364 lut
734 3321 817 3376 obligee
835 3319 979 3365 d'intervenir
995 3321 1060 3368 rl'une
1075 3325 1174 3369 munitm
1186 3325 1224 3368 di·

112 3395 151 3438 que
165 3397 225 3429 nous
246 3383 360 3428 n'ourions
371 3395 412 3438 pes
427 3383 513 3439 publiee
532 3383 549 3427 si
564 3383 583 3426 le
597 3383 650 3426 latin
685 3387 755 3436 recte,
766 3382 921 3427 orcl'interdire
933 3383 1087 3438 positivement
1097 3384 1224 3442 temeriuge

112 3445 193 3491 n’oreit
214 3447 243 3490 de
259 3446 340 3500 grands
359 3445 474 3502 privileges
488 3445 647 3501 d'expression,
684 3456 726 3500 por
738 3445 758 3489 le
767 3445 849 3500 synode
862 3445 890 3488 de
902 3445 984 3489 Laeron
995 3447 1022 3490 de
1032 3450 1092 3490 ¹205.
1110 3445 1172 3491 Cette
1181 3460 1217 3491 sn·

110 3508 192 3552 semble
214 3507 306 3552 ‹l'nbord
325 3519 368 3551 une
384 3517 438 3561 pure
456 3507 538 3562 satire,
561 3506 599 3562 qui
613 3508 651 3550 etlt
686 3509 792 3550 tireuous
803 3505 885 3549 semble
896 3507 957 3550 ovoir
969 3508 1004 3550 ete
1015 3507 1068 3550 luite
1077 3519 1132 3562 pour
1144 3519 1223 3552 secon-

111 3580 148 3623 ραι
159 3571 302 3626 consequent
315 3569 351 3612 ete
365 3568 414 3624 plus
427 3567 439 3612 e
455 3579 479 3611 sn
491 3569 553 3622 ploce
562 3569 617 3610 dens
630 3567 650 3611 le
686 3569 726 3611 der
740 3568 759 3611 la
774 3567 894 3612 revolution
907 3568 959 3611 dont
970 3569 1002 3612 les
1013 3568 1113 3612 hommes
1124 3569 1191 3624 pieux
1202 3571 1224 3614 et

112 3633 193 3676 sec-tion
215 3633 339 3676 eonsecree
361 3642 407 3675 nux
424 3629 509 3684 poesies
534 3627 650 3684 protones3
687 3630 819 3685 prevoyeuts
834 3628 944 3671 semelem
959 3629 980 3671 ln
996 3629 1120 3674 necessite:
1136 3630 1191 3676 deus
1202 3631 1223 3676 le

111 3695 164 3738 mais
178 3707 226 3738 une
245 3694 311 3738 etude
325 3691 374 3749 plus
390 3691 493 3734 rellechie
505 3703 559 3735 nous
571 3703 583 3735 e
595 3702 652 3734 con·
689 3689 752 3747 copie
771 3702 815 3746 que
835 3701 891 3732 nous
908 3689 1019 3744 publicus,
1039 3703 1066 3734 ou
1081 3691 1127 3736 voit
1141 3693 1154 3736 ὰ
1166 3693 1224 3737 deux

111 3755 190 3799 vuincu
210 3753 294 3810 qu'elle
309 3754 371 3798 eruit
383 3753 418 3797 ete
430 3753 545 3807 compones
556 3753 611 3796 dens
623 3763 652 3794 uu
688 3751 785 3807 reprises
805 3751 932 3795 differentes
955 3752 1033 3806 qu’elle
1052 3753 1158 3798 o'udresse
1179 3765 1224 3797 nux

112 3813 148 3859 but
165 3816 254 3868 morel,
276 3827 331 3860 nous
352 3815 427 3859 dirons
440 3817 512 3858 meme
531 3813 651 3868 religieux,
690 3813 769 3858 clercs.
794 3813 852 3859 blois
870 3812 966 3867 pendunt
983 3814 1004 3858 le
1023 3813 1095 3859 xmo
1112 3815 1178 3858 siecle
1194 3827 1225 3858 un

111 3877 152 3922 utin
170 3880 199 3923 de
214 3878 337 3922 detourner
355 3878 387 3922 les
400 3876 471 3920 clercs
496 3875 525 3918 du
546 3875 654 3924 mariage.
688 3875 759 3931 grand
773 3875 863 3918 nombre
877 3875 904 3918 de
918 3874 988 3919 clercs
999 3882 1021 3920 et
1031 3875 1163 3920 d'etudients
1177 3876 1219 3918 s'e·

109 3939 148 3983 See
170 3937 344 3986 inconveniente
366 3951 389 3984 ee
409 3937 488 3991 litent,
510 3947 596 3980 comme
613 3936 654 3979 l'on
690 3937 803 3981 muserent
817 3936 830 3979 e
846 3947 963 3990 composer
976 3937 1013 3980 cles
1025 3937 1135 3982 cbensons
1147 3936 1225 3980 lutlnes

110 4001 164 4055 snit,
178 4003 231 4058 plus
245 3999 358 4044 viroment
372 4001 442 4045 sentit
454 4000 467 4044 e
479 4000 499 4042 ln
516 3998 545 4042 liu
557 3999 586 4040 du
597 3997 655 4040 xllc
690 4000 784 4051 rimees,
804 3997 833 4041 ob
849 3997 875 4040 ils
891 4009 914 4041 se
932 3998 1060 4052 moquaieut
1071 3998 1098 4042 de
1110 4001 1183 4041 tontes
1194 3999 1226 4042 les

109 4060 194 4118 siecle,
209 4069 248 4117 et,
265 4060 657 4117 opresnroirchercbeperlecon-
692 4061 774 4105 classes
796 4060 824 4103 de
848 4059 869 4102 lu
896 4059 993 4112 melete,
1014 4067 1036 4103 et
1059 4059 1226 4115 n'eperguoient

111 4122 194 4166 victiou
215 4124 229 4167 e
247 4133 353 4166 remener
370 4123 390 4167 le
407 4123 479 4177 clerge
493 4122 560 4166 eune
576 4121 612 4164 vie
630 4121 657 4165 de
694 4126 767 4166 meme
791 4133 831 4177 pos
853 4121 885 4164 les
909 4121 987 4165 choses
1012 4122 1043 4165 les
1066 4121 1114 4175 plus
1139 4121 1227 4164 socrees
