2914 4944
560 467 718 526 -tta-

337 590 456 664 Quibus
471 592 529 654 hus
542 611 642 671 aquus
657 594 765 656 usibus

337 701 494 778 reservat,
510 698 599 763 novit
611 700 782 782 Dominus3

279 807 406 868 constet
418 809 525 868 eutem
538 809 570 870 et
583 807 664 870 haee
677 810 710 869 et
723 809 852 870 caetere

280 910 372 974 uobis
385 928 471 994 esse,
486 913 622 976 nonsibi
637 913 778 977 uendite.

338 1045 459 1109 Nostris
472 1045 714 1110 necessitutibus

339 1152 522 1232 providetur
535 1152 568 1216 in
583 1153 730 1216 omnibus
743 1179 751 1232 3

281 1275 340 1338 pro
350 1257 483 1338 siugulis
496 1277 514 1321 a
527 1259 618 1323 nohis
632 1258 765 1322 Domino

282 1364 456 1444 gratiarum
469 1365 602 1428 debetur
612 1365 707 1428 aetio.

341 1497 385 1561 Sit
397 1515 508 1578 perpes
521 1503 585 1562 Deo
598 1498 716 1580 gloria,
735 1499 796 1560 ete.
878 1572 880 1578 ,

632 1769 666 1827 V.

343 1977 390 2039 Ad
403 1978 532 2060 laudes,
547 1978 599 2042 die
611 1978 721 2060 tertiat,

344 2102 403 2148 nes
416 2088 485 2166 ejus
497 2089 629 2150 monent
642 2103 759 2166 epera3

284 2190 485 2271 congregatis
496 2191 700 2257 inferioribus

283 2297 391 2379 aquis,
407 2303 524 2363 terrum
536 2300 658 2364 detexit
670 2298 831 2362 Dominus.

345 2434 440 2492 Terra
452 2431 578 2492 detecta
591 2430 715 2508 pululat
727 2429 758 2504 (l.
768 2430 888 2510 pullula
893 2432 917 2502 t)

345 2535 493 2612 herbam,
511 2536 544 2593 et
556 2533 681 2611 lignum
696 2532 871 2612 germinat3

288 2654 381 2700 omne
396 2655 496 2717 genus
507 2637 624 2700 herbae
635 2636 834 2718 producitur,

288 2762 383 2808 omne
395 2744 473 2824 ligni
487 2761 588 2823 genus
598 2741 764 2808 emittitur.

348 2883 383 2942 ln
397 2883 480 2941 terra
494 2881 598 2940 terrae
610 2875 787 2958 principem

272 2969 275 2973 ⁵
348 2984 752 3064 collocaturushuminem,

291 3098 396 3158 lecum
408 3098 490 3157 Deus
503 3093 648 3157 eruendo
659 3095 842 3172 praeparate

290 3201 372 3266 vitae
384 3202 512 3264 uestrae
521 3215 619 3281 quem
634 3217 712 3262 usus
722 3199 872 3278 postulet.

350 3337 546 3396 Reeusumur
556 3331 590 3394 in
601 3331 749 3395 omnibus

350 3441 375 3503 si
390 3442 543 3502 factorem
556 3437 790 3501 contemnimus
802 3462 811 3514 ς

291 3546 446 3609 rationem
461 3562 520 3625 pro
529 3544 658 3608 eunetis
670 3543 771 3623 exigit
866 3583 869 3588 -

292 3652 318 3715 is
332 3651 385 3733 qui
400 3652 516 3715 cuncta
529 3667 587 3730 pro
601 3650 693 3714 nobis
706 3649 860 3714 uendidit.

351 3784 1066 3867 uisseptatu.uisceptatmunduseonuanos,

354 3893 471 3974 iactus,
487 3893 619 3955 ornatus
632 3893 761 3972 propter
771 3909 848 3972 nos,

296 3999 321 4062 si
335 4016 394 4063 nos
405 4005 469 4063 Deo
481 4016 548 4088 nun
560 3998 677 4062 subdat
689 4000 757 4074 (sie)
767 3997 868 4080 gretia

296 4106 410 4186 quibus
422 4106 487 4186 ipse
499 4103 634 4186 subjecit
645 4104 762 4169 omniu.
