2892 4940
719 592 758 600 —-
773 563 881 618 132-

386 687 423 746 ut
436 701 534 766 equos
545 685 683 746 habeant
695 689 727 748 et
737 689 857 747 vestem
868 685 1025 765 nobilem,

384 794 423 854 ut
435 790 543 855 vivant
552 790 682 872 largiter
693 793 726 854 et
736 808 794 854 sua
807 791 977 873 dissipent,

385 899 417 958 et
429 899 466 958 ut
479 897 512 960 in
525 896 647 960 actibus
658 897 780 960 cunctis
791 897 991 979 superbiant,

385 1004 540 1078 Quoniam
553 1022 619 1068 non
632 1005 751 1067 habent
764 1007 871 1066 tantae
885 1003 1049 1083 superbiae

384 1109 471 1189 quod
485 1110 525 1172 sit
537 1110 695 1174 sufficiens
709 1113 742 1173 et
752 1109 931 1190 tolerabile,

384 1220 500 1280 Eorum
513 1216 597 1280 oculi
610 1215 764 1298 quidquid
778 1213 950 1296 aspiciunt,

384 1321 409 1384 si
426 1325 558 1401 possunt
572 1325 737 1403 auferent,
753 1323 883 1402 captant
895 1325 928 1384 et
938 1320 1079 1401 rapiunt.

385 1427 515 1507 Superbi
529 1427 659 1508 milites,
673 1427 746 1509 equi
761 1425 876 1490 diaboli
889 1426 945 1506 (1),

384 1535 448 1597 huc
461 1533 535 1596 illuc
548 1533 703 1598 cursitant
715 1536 857 1614 feroces,
872 1530 992 1612 rabidi,

383 1638 535 1720 Virosque
547 1642 581 1714 (l.
597 1643 663 1716 etl)
675 1638 793 1702 bestias
806 1637 861 1702 ubi
875 1638 1036 1719 reperiunt

384 1743 530 1807 nituntur
543 1762 653 1824 rapere
664 1746 713 1808 vel
727 1743 931 1808 interficiunt.

423 1851 569 1914 Rusticus
583 1851 696 1933 etiam,
711 1850 855 1931 quamvis
868 1850 932 1913 sint
945 1851 1104 1932 humiles,

385 1956 456 2020 dico
470 1957 626 2037 cupidinis
638 1975 708 2020 esse
722 1957 910 2037 culpabiles,

383 2061 539 2136 Quoniam
552 2063 635 2125 inter
647 2081 682 2124 se
695 2063 984 2143 concupiscentiam

385 2170 417 2230 et
430 2166 643 2231 incredibilem
657 2169 775 2231 habent
788 2170 986 2250 jactantiam.

384 2277 461 2336 Nam
472 2274 497 2336 si
510 2273 581 2354 quis
590 2274 752 2356 proprium
765 2293 876 2338 canem
890 2275 1057 2354 habuerit,

385 2381 417 2441 et
431 2381 510 2442 alter
523 2382 656 2443 alterum
668 2381 694 2443 si
708 2382 790 2444 torte
803 2381 951 2460 laeserit(
972 2380 994 2458 ).

384 2484 465 2560 Quid
478 2486 536 2568 ipsi
551 2490 691 2551 lacerent
702 2487 734 2550 in
746 2489 841 2550 rebus
854 2487 1001 2551 maximis

385 2592 439 2671 qui
453 2591 507 2658 vix
518 2611 552 2656 se
566 2593 715 2656 cohibent
728 2592 761 2656 in
773 2595 868 2656 rebus
880 2592 1040 2657 minimis?

385 2700 483 2778 Saepe
495 2700 662 2779 probatum
675 2701 724 2762 est
736 2699 822 2780 quod
837 2698 1042 2763 homicidium

384 2823 443 2885 pro
455 2804 595 2869 vindicta
608 2805 696 2869 canis
709 2808 838 2883 ex(s)tat
849 2803 1061 2885 compositum
1073 2829 1085 2885 ;

386 2917 483 2993 Saepe
496 2931 553 2994 pro
566 2912 701 2977 hortulis
714 2915 784 2976 orta
798 2915 874 2974 sunt
888 2911 980 2994 odia,

387 3039 443 3101 pro
457 3020 542 3101 agris
555 3020 679 3100 saepius
695 3022 779 3082 lacta
792 3022 867 3081 sunt
880 3019 1007 3097 praelia.

385 3126 466 3202 Quid
481 3127 563 3188 ultra
576 3127 690 3188 studeo
703 3126 835 3188 erimina
849 3125 953 3188 dicere

387 3234 506 3310 majora
519 3247 615 3308 quam
627 3228 704 3307 dixi,
717 3228 910 3307 praescripto
925 3229 1062 3293 ordine?

386 3335 542 3412 Quamdiu
554 3332 669 3414 corrigi
683 3350 748 3395 non
762 3337 894 3413 possunt
906 3334 999 3416 talia,

386 3457 586 3522 nequaquam
597 3456 677 3519 opus
689 3441 738 3501 est
751 3442 788 3501 ut
800 3438 903 3502 dicam
916 3440 986 3504 alia.

425 3551 451 3613 0
464 3565 538 3629 voc,
552 3544 711 3626 Episcopi,
725 3563 857 3626 vosque,
873 3549 1067 3633 Presbyteri,

386 3661 528 3738 pastores
540 3652 663 3736 populi,
677 3651 755 3734 quid
765 3652 981 3718 meditamini?

386 3767 441 3826 Est
453 3762 555 3826 omnis
568 3762 703 3841 populus
719 3760 787 3822 sine
800 3759 962 3842 custodia,

386 3868 542 3935 monitore
556 3871 643 3931 caret
654 3866 758 3928 omnis
770 3867 917 3930 Ecclesia.

387 3979 542 4057 Propheta
554 3972 705 4054 praecipit
718 3974 780 4035 hoe
794 3973 965 4054 unicuique

287 4178 307 4232 t)
331 4175 394 4220 Getta
414 4167 542 4227 expression
564 4163 659 4220 reppello
677 4162 697 4206 le
716 4161 788 4206 hostis
823 4175 863 4207 nos
880 4162 974 4210 Poteies
987 4163 1125 4224 populaires
1139 4168 1244 4228 latices,
1270 4189 1296 4234 p.
1319 4181 1366 4223 m·

252 4241 308 4298 ,qm-
324 4249 368 4294 que
380 4247 436 4281 nous
448 4242 518 4277 avons
536 4227 576 4272 leit
592 4237 723 4280 remarquer
734 4224 787 4267 drus
848 4226 878 4279 (Ξ)
892 4224 909 4267 ll
921 4237 935 4279 y
945 4237 958 4269 a
969 4239 1020 4271 sans
1029 4229 1095 4275 doute
1104 4231 1162 4277 deur
1174 4247 1225 4280 vers
1237 4235 1337 4286 oublits.
