2902 4940
578 505 617 514 -
633 478 685 531 aar
703 507 742 515 -

395 596 542 660 Frisionis
556 599 628 660 filia.

396 736 486 797 Pater
499 736 589 812 euJ'us
604 735 704 796 hostia

396 847 498 906 factus
512 843 546 904 in·
558 842 707 923 ecelesia,

394 954 529 1013 mortem
542 967 599 1029 pro
610 949 732 1028 justitia

394 1058 522 1135 pertulit
532 1060 564 1122 in
578 1062 670 1124 Dacia
684 1065 694 1142 (
716 1067 734 1136 ).

393 1193 504 1253 Noster
516 1197 622 1257 autern
633 1199 762 1260 Carolus
773 1248 780 1278 ‚

394 1299 474 1360 olam
486 1302 630 1363 sublatus
645 1304 788 1367 hostibus

393 1404 475 1483 fugit
488 1407 528 1468 ad
543 1411 753 1490 avunculum,

392 1511 540 1574 comitam
553 1516 801 1581 Flandrensium.

799 1355 806 1386 7

392 1647 425 1704 ln
439 1662 502 1723 qua
514 1647 618 1723 proles
629 1650 715 1728 regia

391 1750 700 1835 marchionisouria,

391 1857 490 1921 crevit
503 1859 674 1940 sapientia,

390 1968 485 2044 atque
504 1983 629 2029 morum
646 1969 756 2046 gratia.

389 2098 444 2160 Ubi
460 2117 535 2162 vero
549 2101 687 2183 inclytus

388 2205 465 2267 obiit
479 2211 670 2290 avunculus,

388 2311 575 2375 Baiduinum
590 2317 692 2393 patrio

387 2420 532 2480 statuunt
544 2421 577 2481 in
591 2421 681 2483 solio.

387 2550 443 2612 Hic
456 2551 567 2616 vicinis
580 2556 707 2634 regibus

388 2660 490 2718 terror
503 2659 563 2720 fuit
575 2663 722 2726 omnibus
735 2710 742 2739 ‚

387 2763 491 2824 cultor
504 2779 580 2826 suae
593 2771 731 2848 patriae,

386 2866 486 2930 hostis
499 2869 680 2950 injustitiae.

387 3003 493 3065 Morbo
505 3004 670 3069 insanabili

386 3109 486 3174 fracta
500 3129 596 3176 carne
609 3116 728 3198 fragili,

385 3215 484 3279 Sithiu
499 3222 540 3298 (2)
554 3221 589 3282 ot
602 3227 793 3308 monachas,

385 3326 417 3383 ot
430 3327 581 3389 successit
593 3332 731 3393 Carolus.

383 3461 452 3530 Quo
466 3467 636 3545 regnante,
653 3467 796 3530 Fiandria

384 3563 485 3643 viguit
497 3569 622 3653 militia3

384 3675 474 3750 cujus
487 3677 546 3736 suh
560 3677 706 3760 imperio,

384 3777 489 3843 floruit
503 3783 622 3863 religio.

126 4001 151 4058 (ἱ)
170 4007 229 4054 Saint
249 4011 308 4055 Knat
325 4011 390 4066 (iv),
409 4016 472 4056 'mort
492 4018 577 4067 martyr
600 4026 628 4059 en
664 4014 751 4059 uastare
762 4017 789 4061 do
809 4018 976 4078 saint-Bortin,
993 4027 1047 4070 dans
1063 4029 1083 4074 le
1102 4029 1203 4090 departe-

103 4064 157 4108 1074.
665 4076 762 4121 monada
774 4079 954 4128 ras-racana

124 4123 151 4180 (a)
160 4127 240 4174 Sithiou
252 4138 284 4176 ast
293 4131 384 4177 i'anoien
395 4145 444 4178 nom
452 4134 481 4178 aa
489 4135 574 4180 calabro
582 4147 629 4181 rno-
