2914 4944
523 437 689 495 -383-

146 558 194 623 Sic
208 558 413 622 antichristos
427 558 542 623 vermis
556 561 610 640 qui
625 578 690 622 non
702 559 857 624 morietur

183 667 291 748 rodet,
309 669 340 728 et
354 665 470 730 lnsemi
485 667 612 730 llamma
625 666 750 732 vorabit
762 684 828 731 eos,

45 807 48 815 ·
145 772 270 834 Talibus
283 770 435 852 exemplis
448 775 498 834 sta
512 772 640 854 firmus,
657 790 731 836 eum
743 775 827 836 mala
836 772 931 852 iustis

182 881 232 944 vel
245 881 329 943 bona
343 897 409 942 non
420 879 516 959 justis
530 897 625 960 saepe
638 879 747 944 venire
759 879 869 944 vides:

145 991 239 1067 Nam,
254 986 341 1066 quod
355 985 395 1048 de
408 984 542 1049 Domino
557 988 693 1048 testatur
707 985 813 1048 Lectio
828 1001 936 1064 sacra,

180 1091 337 1173 judicium
347 1091 442 1173 justis
454 1096 563 1156 exeret
576 1093 629 1156 bic
642 1092 775 1174 patiens.

144 1200 235 1275 Quod
253 1199 327 1280 quia
341 1200 538 1280 tangendum
551 1200 655 1265 visum
669 1199 732 1262 suit
742 1199 838 1281 utile,
854 1203 964 1263 noster

185 1308 234 1368 est
246 1305 445 1370 intonuissus
457 1305 498 1368 ad
508 1306 671 1370 modicum
684 1307 875 1370 llaebomes.

145 1438 198 1501 llis
212 1436 414 1517 intermissis,
435 1438 604 1500 redeuntes
618 1439 658 1500 ad
672 1439 919 1518 llacbometcm‚

187 1547 294 1607 texere
307 1543 506 1624 propositum
514 1546 582 1623 jam
595 1547 779 1623 satagamus
793 1561 884 1624 opus

144 1657 279 1733 Tempus
290 1637 455 1730 adestque
466 1653 612 1712 mortuus
623 1654 672 1712 est
686 1650 834 1713 dominus
846 1650 1051 1713 llacbometis
1065 1695 1072 1727 ‚

183 1760 216 1820 et
231 1755 298 1818 sine
311 1757 399 1836 prole
414 1757 524 1817 manet
538 1772 620 1817 uxor
630 1757 693 1835 lt),
709 1759 741 1817 et
754 1758 875 1835 absque
886 1757 974 1836 viro,

144 1864 204 1927 Sed
218 1863 300 1924 sicut
313 1861 443 1925 domino
456 1863 636 1924 Macbomes
650 1861 710 1923 fuit
719 1866 793 1924 ante
807 1863 928 1944 tidelm,

184 1967 229 2030 sic
240 1966 337 2030 etiam
349 1966 496 2029 dominae
508 1967 654 2029 subditur
666 1966 815 2047 imperiis.

148 2073 248 2137 Serrit
261 2072 302 2154 ei,
317 2073 372 2134 dat
384 2071 563 2153 consilium,
578 2075 730 2153 procurat
741 2074 887 2154 agenda,

186 2182 256 2260 plus
267 2179 360 2243 solito
375 2179 523 2243 dominae
535 2179 757 2260 multiplicavit
767 2197 854 2261 opes.

145 2291 315 2366 Postquam
326 2290 399 2368 post
412 2286 532 2350 domini
548 2288 714 2350 decessum
726 2287 853 2350 transiit
866 2305 989 2368 annue,

187 2392 324 2472 disponit
334 2392 461 2472 juvenis
475 2394 596 2454 nubere
607 2395 674 2471 jam
689 2393 817 2455 domina
832 2420 839 2473 3

146 2501 337 2576 secretoque
349 2514 468 2560 vocans
485 2499 715 2558 Maobometem
731 2500 887 2578 tempore,
901 2498 996 2560 dicit:

189 2625 205 2662 «
218 2607 293 2666 Sum
301 2599 439 2681 juvenis,
452 2616 533 2661 sexu
548 2600 676 2683 femina,
691 2620 742 2665 res
757 2603 877 2681 fragilis
890 2629 898 2682 3

146 2707 296 2773 Possidco
310 2721 429 2785 servos,
445 2704 587 2786 ancillas,
600 2707 743 2788 praedia,
755 2707 845 2772 villas
857 2734 865 2788 3

189 2816 264 2876 sunt
275 2813 404 2876 castella
417 2811 506 2893 mihi,
522 2815 597 2874 sunt
607 2812 706 2874 etiarn'
716 2831 885 2896 proceres3

147 2927 224 2987 Sum
233 2921 363 2986 viduata
373 2918 454 3000 vir0,
468 2917 551 2981 natis
563 2921 595 2980 et
608 2921 744 2996 utroque
755 2919 877 2997 parenti
890 2948 899 2998 3

189 3029 302 3108 ignoro
316 3043 445 3106 prorsus
458 3025 593 3105 qualiter
607 3023 667 3087 ista
685 3041 795 3104 regam
813 3027 824 3106 (
846 3031 866 3103 ).

148 3140 232 3212 Ergo
244 3138 292 3214 tu,
306 3131 360 3213 qui
374 3130 505 3194 consilio
519 3132 634 3193 callere
646 3131 807 3213 probaris,

188 3239 417 3322 praemeditare
427 3237 504 3300 mibi
518 3255 600 3317 quae
615 3237 760 3301 iacienda
772 3241 896 3318 probes.

147 3347 228 3412 Utile
241 3347 408 3410 consilium
421 3361 501 3424 rogo
515 3345 681 3424 provideas
693 3349 725 3408 et
738 3347 909 3409 honestum
922 3375 931 3428 3

188 3471 352 3533 nunquam
365 3451 459 3515 laude
473 3454 583 3514 carent
596 3453 752 3538 baecduo
764 3455 876 3534 juncta
891 3453 1006 3530 simul(
1030 3460 1050 3531 ).

83 3673 110 3714 tr)
126 3671 257 3716 vincentius
269 3669 296 3714 de
307 3669 419 3714 Beaurais
429 3664 539 3723 l'appelait
551 3664 593 3708 Ga-
627 3657 659 3701 le!
671 3657 767 3709 mtmess
786 3660 809 3700 et
820 3655 908 3700 chacun
921 3655 1007 3711 prorae
1018 3655 1169 3717 l’ortossrapba

61 3727 126 3786 diam
142 3732 174 3776 les
192 3731 338 3776 orientalisoes
355 3731 454 3774 dement
470 3726 593 3772 ordinaire.
628 3718 803 3774 approximativc
818 3717 1167 3789 quisutislaitlcmoinsimpar-

62 3799 116 3836 ment
126 3791 254 3848 t'budt'J'ob¹
268 3791 401 3846 Kbodipia,
412 3802 441 3834 ou
452 3786 592 3840 Kbadidja:
628 3777 744 3823 fallentem
753 3791 792 3823 ⁵0¹1
801 3777 884 3823 orffllle·

63 3857 116 3897 cetto
132 3854 233 3899 deruitrc
254 3853 325 3897 lormc
345 3863 400 3895 nous
420 3850 501 3896 semble
519 3848 593 3904 pre'le'-
654 3878 683 3920 (Ξ)
698 3873 873 3920 σθωΜωΒ

63 3913 129 3968 nolu
146 3916 203 3960 mais
221 3914 330 3958 l’ecriruro
350 3914 389 3957 des
407 3913 499 3967 langues
518 3910 593 3954 oricn-
876 3909 881 3920 '

64 3973 124 4028 tales,
134 3988 188 4021 avec
198 3976 237 4019 des
252 3976 377 4020 caraetdres
388 3974 525 4029 europeens.
538 3971 594 4027 pre·
656 3972 685 4015 (ol
700 3971 821 4015 Prot-etro
834 3972 975 4026 manuue-til
994 3973 1022 4017 lei
1044 3973 1102 4018 deux
1117 3985 1169 4017 vers

64 4041 228 4090 sente,ecmme
239 4037 334 4092 casali,
346 4033 594 4080 d'insolublcsdiilicul·
629 4033 657 4076 οὺ
673 4031 782 4088 KbadidJ'a
800 4031 880 4088 parlait
895 4044 922 4076 cn
937 4038 1018 4078 termes
1032 4035 1082 4090 plur
1099 4034 1166 4079 clairs

65 4095 94 4138 tte
101 4126 107 4151 ,
118 4098 210 4154 putoque
225 4098 256 4142 les
270 4106 322 4143 sons
335 4095 437 4154 primitiis
449 4107 476 4140 no
490 4101 540 4140 cont
553 4106 594 4150 pas
630 4095 656 4139 dc
667 4106 707 4138 son
717 4094 823 4138 intention
835 4094 861 4137 dc
872 4105 895 4138 se
909 4093 999 4139 marier.
