2914 4944
565 468 729 527 -t11—

190 597 249 656 Des
262 592 358 656 modo
371 593 557 676 consitium,
571 613 630 660 nes
643 593 761 676 praelia
771 595 1001 677 sustineamus,

230 717 289 763 nos
303 699 418 764 feriant
430 701 558 784 hostes,
573 721 633 766 nos
650 703 800 766 feriamus
813 720 885 784 eos,

189 805 220 869 Si
235 823 420 886 superamus
434 823 507 889 eoS,
522 809 593 872 laus
607 807 650 872 'sit
660 811 734 890 tua,
747 809 773 872 si
786 825 989 890 superemur,

231 911 383 975 stultitiae
393 916 523 976 nostrae
535 915 668 996 deputet
679 915 783 979 omnis
795 915 907 979 bomo!
924 936 940 973 u

189 1023 254 1084 Hoc
264 1019 397 1083 laudant
409 1033 537 1103 omnes,
548 1022 729 1086 Machomes
741 1023 882 1102 plorasse
894 1023 1032 1086 refertur

228 1126 314 1206 quod
324 1126 370 1191 sie
382 1125 516 1208 qrrisque
529 1145 625 1192 suum
638 1128 741 1192 tendit
753 1129 796 1192 ad
808 1128 991 1192 interitum:

189 1232 334 1295 Attamen
347 1249 511 1296 assensum
525 1234 663 1316 faciens,
678 1251 713 1297 se
724 1233 860 1315 spondet
871 1233 1008 1312 iturum,

230 1337 338 1418 sieque
350 1338 445 1400 datur
457 1355 584 1419 pugnae
597 1339 752 1404 terminus
764 1341 859 1420 atque
869 1339 970 1402 loeus.

191 1444 310 1509 Dicitur
322 1446 384 1508 hoo
398 1445 517 1528 Persis3
531 1463 644 1510 verum
657 1445 864 1510 nihilominus
876 1445 936 1525 ipsi

229 1549 396 1630 insistunt,
415 1551 560 1632 rapiunt,
575 1551 778 1632 excruciant,
792 1549 962 1630 perimunt.

190 1660 354 1724 Terminus
364 1660 512 1741 advenit,
526 1661 616 1724 loeus
626 1659 821 1739 insinuatur,
838 1655 950 1720 adesse

228 1772 341 1830 Persae
353 1783 419 1829 non
432 1769 595 1847 metuunt,
609 1764 711 1828 hostis
730 1768 865 1845 uterque
879 1761 964 1825 ruit:

191 1875 354 1952 Pugnant,
369 1874 556 1951 oppugnant
569 1869 657 1951 telis,
671 1868 895 1948 mucronibus,
910 1864 1025 1945 hastis,

231 1978 288 2041 sed
298 1977 401 2042 socios
413 1977 585 2041 Machomis
596 1977 677 2040 bella
691 1977 840 2056 premunt
852 1973 991 2055 gravius.

191 2089 288 2149 Porro
299 2088 465 2149 cernentes
479 2082 618 2147 idumaei
631 2101 666 2146 se
679 2082 821 2164 superari
937 2134 939 2140 .

231 2211 250 2253 a
263 2193 365 2257 Persis
375 2195 458 2258 bello
472 2198 533 2275 (t),
548 2192 667 2259 viribus
680 2194 714 2254 et
727 2206 871 2253 numero.

190 2296 356 2361 Dimittunt
366 2301 577 2379 Maohomem,
592 2297 714 2362 loculos
725 2311 903 2376 aurumque
913 2293 1087 2370 ferentem,

229 2420 311 2482 quae
321 2405 406 2467 natis
419 2404 536 2467 reddat
548 2401 801 2482 coniugibusque
815 2390 904 2480 suis3'

191 2509 251 2586 Ne,
267 2505 293 2566 si
308 2507 390 2568 forte
402 2510 506 2585 patres
519 2507 716 2586 perimantur
725 2505 792 2570 sive
804 2503 927 2582 mariti,

231 2613 401 2691 paupertas
413 2614 533 2673 matres
543 2611 699 2692 opprimat
711 2615 745 2674 et
755 2625 872 2689 pueros
888 2635 896 2669 :

59 2715 62 2720 ’
191 2721 334 2796 Dumque
346 2716 429 2780 redit
441 2718 636 2799 Machames,
650 2714 862 2797 quorumdam
873 2716 989 2794 templa
1003 2720 1139 2778 Deorum

231 2821 381 2901 temporis
392 2821 514 2902 antiqui
528 2821 630 2885 oemit
642 2823 676 2884 et
687 2820 787 2883 intrat
799 2837 852 2884 ear

192 2931 227 2989 ln
235 2925 350 3006 quibus
361 2929 545 3010 argentum,
559 2927 682 2992 loculos
695 2942 872 3006 aurumque
882 2939 1041 3004 reponens

229 3033 383 3114 quaesibi
397 3035 551 3100 servanda
566 3050 644 3115 gens
656 3051 715 3097 sua
728 3032 919 3111 tradiderat,

192 3138 276 3203 Exiit
285 3140 455 3203 aeoiudens
469 3143 502 3202 et
514 3140 645 3220 signans
658 3139 740 3203 ostia
751 3142 823 3220 pest
835 3156 886 3218 se,

235 3247 324 3311 etsie
336 3247 378 3310 ad
389 3246 533 3311 dominas
548 3247 660 3327 tendit,
675 3250 707 3310 et
720 3246 762 3311 ad
774 3263 908 3328 pueros,

194 3351 307 3415 Tendit
321 3356 353 3416 et
366 3353 408 3416 ad
421 3353 577 3435 reliquum
594 3353 725 3434 vulgus,
740 3352 827 3433 quod
840 3351 952 3414 inutile
964 3350 1047 3414 bello

236 3457 401 3522 dimissum
414 3460 519 3534 iuerat
531 3459 620 3522 haud
631 3460 742 3538 procul
756 3457 790 3521 in
805 3455 930 3520 casulis.

195 3568 270 3646 Ejns
283 3563 367 3627 enim
380 3565 484 3646 gentis
498 3583 567 3629 mos
584 3564 699 3628 dicitur
711 3563 771 3626 iste
787 3563 900 3644 fuisse,

234 3672 267 3733 et
280 3670 421 3733 fortassis
435 3669 541 3734 adhuc
553 3671 639 3733 istud
653 3669 738 3733 enim
752 3668 890 3750 iaciunt,

196 3775 250 3857 Ut,
264 3776 291 3839 si
304 3775 433 3857 quando
444 3776 555 3856 procul
568 3777 691 3839 vadunt
703 3777 747 3852 (2)
761 3774 802 3837 ad
815 3775 896 3836 bella
909 3771 1067 3852 gerenda,

129 4058 157 4114 (t)
176 4057 278 4114 Quoique
291 4062 350 4103 cette
363 4059 424 4113 repon
442 4069 466 4102 se
485 4063 564 4105 trouve
581 4057 636 4104 dens
671 4057 800 4115 preference
819 4057 894 4102 omia
906 4069 936 4103 ou
951 4055 1081 4104 Persarum
1095 4055 1206 4114 ereptis.

101 4119 133 4164 tes
149 4119 208 4165 deux
221 4131 283 4172 ms,
304 4122 420 4174 peut-etro
440 4119 543 4164 doit-on
555 4119 596 4164 tiro
609 4120 636 4163 de
697 4123 727 4175 (a)
745 4118 834 4164 Vadunt
847 4119 901 4164 daus
913 4120 939 4164 D.
