2914 4944
730 461 771 472 -·
785 427 894 489 m·-

509 555 672 618 Placemus
682 553 786 635 ipsum
799 554 963 635 laudibus,

508 679 603 742 quem
615 661 776 726 irritamus
787 662 910 726 actibus
923 662 931 724 Ε

447 771 571 843 Quanta
585 768 690 832 laudis
702 769 744 832 sit
756 768 932 832 immolatio

447 891 506 937 nos
520 876 715 939 Psalmorum
726 875 821 939 docet
831 873 1011 937 instructio.

505 1007 550 1072 Sit
562 1025 674 1090 perpes
689 1012 754 1072 Deo
768 1007 886 1089 gloria,
901 1009 963 1070 etc.

783 1277 830 1337 Vi.

504 1493 666 1553 Ornarunt
676 1493 794 1553 terram
808 1487 969 1570 germina,

502 1614 590 1660 nnnc
603 1597 728 1660 coelum
742 1594 910 1658 luminaria
923 1621 931 1676 3

443 1703 527 1783 soie,
542 1703 638 1784 luna,
653 1702 752 1767 stellis
771 1701 964 1783 depingitur,

443 1827 580 1890 quorum
594 1811 714 1874 multus
727 1826 806 1873 usus
816 1807 1031 1896 cognoscitur.

503 1947 619 2006 Lucem
632 1942 829 2024 distingunt,
845 1945 987 2023 tempora

501 2054 577 2112 sunt
590 2049 625 2112 in
637 2050 730 2130 signa
747 2049 943 2130 certissima,

442 2155 557 2214 cuncta
571 2156 638 2216 iere
652 2157 810 2218 terrarum
824 2155 992 2218 commoda

441 2259 640 2338 planetarum
653 2256 814 2320 ministrat
825 2260 967 2338 physica.

501 2395 584 2454 ilaec
597 2408 724 2472 quaque
736 2393 827 2472 parto
840 2390 970 2455 conditu

500 2513 644 2578 sursum,
658 2500 777 2580 iiomo,
792 2496 979 2579 considera,

441 2619 511 2665 esse
524 2609 613 2670 tuam
626 2608 660 2669 et
672 2603 752 2669 coeli
765 2604 856 2684 regio

441 2731 476 2777 sc
489 2715 609 2777 fatetur
620 2715 737 2778 horum
749 2711 889 2778 servitio.

456 2829 459 2838 ⁴
502 2844 716 2913 sorecaretin
729 2847 833 2909 nieme

499 2953 554 3035 qui
568 2954 656 3016 caret
668 2949 752 3032 ignis
764 2968 916 3032 munero,

440 3079 498 3142 pro
513 3061 690 3123 nocturnae
701 3059 852 3122 lucernae
864 3057 966 3139 gratia

440 3180 560 3243 pauper
572 3163 669 3226 habet
680 3165 790 3228 lunam
803 3167 837 3228 et
848 3162 962 3228 sideru.

499 3295 610 3361 Stratis
623 3296 711 3361 dives
722 3295 887 3378 eburneiS,

497 3419 618 3483 pauper
627 3403 714 3483 jacet
727 3401 919 3483 gramineis,

439 3510 514 3573 irinc
526 3508 633 3574 avium
646 3509 808 3573 oblectant
819 3507 964 3589 cantica,

438 3616 513 3680 inde
526 3617 642 3680 florum
655 3614 755 3698 spirat
768 3615 947 3696 flagrantia.

497 3749 666 3832 impensis,
680 3750 786 3833 Divcs,
801 3748 907 3814 nimiis

498 3858 629 3921 domum
641 3873 787 3921 casuram
799 3856 977 3937 construis,

436 3964 516 4028 ialso
529 3964 596 4026 sole
609 3962 712 4046 pingis
729 3963 920 4030 testudinem
934 4009 943 4043 ,

437 4071 523 4135 salsis
536 4071 635 4134 stellis
646 4070 679 4134 in
692 4069 771 4136 coeii
783 4070 928 4150 speciem.
