2892 4940
743 499 903 555 -r56-

364 635 441 698 ergo
454 621 528 699 quia
541 619 697 683 cursitant
710 637 821 683 omnes
835 619 876 682 ad
889 635 1042 682 coronam
1056 645 1064 680 ι

363 745 486 809 semper
499 745 559 808 ego
571 726 698 791 auditor
711 730 852 806 tantum,
867 742 1073 806 nunquamne
1088 741 1242 806 reponam
1256 731 1314 803 (l)?

363 875 496 951 Quando
510 874 599 936 cibus
613 872 721 935 delicit
734 873 900 936 animabus
909 874 953 952 (u)
964 873 1085 952 brutis,

362 979 536 1060 mugiendo
550 980 714 1059 postulunt
727 977 851 1060 cibum,
867 995 955 1060 spem
968 978 1079 1042 salutis
1093 984 1153 1060 (3)(

363 1086 421 1150 sed
433 1089 481 1149 est
494 1084 572 1147 mibi
587 1101 741 1148 resonans
750 1087 795 1159 (1)
808 1084 940 1148 vocibus
952 1083 1074 1164 argutis

363 1192 468 1254 fistula
481 1190 658 1270 disparibus
672 1193 792 1269 septem
806 1192 971 1268 compacta
983 1188 1105 1252 cicutis.

365 1336 463 1402 Festis
471 1337 711 1400 bacchalaribus
719 1338 753 1412 (1.
764 1334 1042 1411 bacchanalibusl)
1055 1335 1209 1398 interesse
1216 1331 1365 1403 minimus

365 1444 437 1506 volo
451 1443 525 1523 quia
537 1459 661 1524 nequeo
673 1459 826 1522 magnus,
841 1443 955 1522 major,
970 1440 1151 1521 maximus3

364 1550 518 1630 derogare
532 1548 616 1613 vitiis
628 1547 776 1611 omnibus
790 1551 839 1610 est
851 1547 998 1628 animus,

364 1659 397 1719 et
409 1673 469 1718 nos
482 1672 558 1736 ergo
571 1671 702 1718 manum
715 1656 836 1718 ferulae
846 1653 1080 1732 subduximus(
1102 1659 1123 1728 ).

364 1800 441 1859 Cum
454 1795 579 1858 videam
592 1795 743 1876 reprobos
756 1795 868 1876 opibus
884 1793 1040 1857 nitescere
1053 1797 1113 1873 (6),

360 1902 519 1965 dominari
533 1902 626 1983 vitia,
641 1901 774 1966 virtutes
788 1902 1013 1981 succumbere,

362 2009 510 2088 vilipendi
525 2008 675 2087 feminas,
691 2007 775 2070 viros
789 2010 863 2069 ante
876 2007 996 2068 nubere
1010 2005 1069 2085 (7),

302 2123 305 2128 ’
364 2112 489 2174 difficile
502 2112 594 2176 nobis
607 2115 655 2174 est
668 2115 808 2192 satyram
822 2130 886 2177 non
898 2111 1044 2176 scribere.

364 2248 496 2326 Spargat
511 2262 588 2324 ergo
601 2245 745 2325 primitus
757 2264 814 2308 sua
828 2244 893 2309 Clio
901 2248 1028 2327 jacula,

364 2349 396 2413 in
411 2350 480 2413 illos
493 2369 574 2430 quos
585 2351 687 2432 operit
699 2353 864 2432 pasbnralis
878 2353 977 2415 inlula
991 2380 999 2434 3

363 2475 440 2519 nam
452 2459 491 2518 ab
503 2456 563 2520 illis
576 2457 739 2537 omnibus,
754 2457 832 2537 quid
845 2457 923 2522 irem
934 2477 991 2541 per
1004 2459 1150 2540 singula?

364 2561 500 2624 Deduxit
511 2565 556 2638 (8)
568 2561 601 2624 in
615 2560 759 2625 subditos
770 2563 922 2626 vitiorum
934 2567 1070 2631 macula.

366 2701 446 2761 Ecce
459 2697 565 2778 sponsi
579 2697 710 2762 comites
724 2700 866 2762 vendunt
879 2717 1014 2779 sponsae
1028 2699 1119 2762 dotes
1131 2724 1140 2782 3

365 2804 512 2866 furantur
524 2809 567 2882 (9)
580 2805 612 2868 in
623 2806 741 2869 cacabo
753 2821 880 2868 carnem
894 2805 1074 2868 sacerdotes
1086 2830 1094 2884 ;

365 2910 391 2972 si
406 2915 528 2992 spectes
540 2917 604 2990 (10)
617 2912 811 2992 medullitus,
827 2910 852 2973 si
866 2930 934 2975 rem
946 2913 1028 2976 bene
1042 2916 1152 2982 notes,

365 3017 523 3082 Christum
535 3019 678 3081 vendunt
690 3018 785 3081 bodie
798 3017 860 3094 (11)
873 3016 947 3081 novi
960 3018 1126 3082 scariotes.

363 3157 431 3215 Jam
443 3171 572 3232 prorsus
585 3154 705 3216 aboluit
716 3160 779 3234 (12)
791 3172 868 3217 usus
882 3154 1035 3234 largiendi

364 3258 574 3336 praebendus,
589 3258 700 3320 altaria
714 3276 796 3337 quae
808 3275 874 3322 non
890 3260 1007 3323 debent
1018 3264 1082 3336 (13)
1093 3263 1208 3344 vendi,

293 3507 324 3560 (1)
338 3504 466 3562 umquam
479 3517 530 3555 me,·
544 3505 598 3550 c’est
612 3514 643 3548 un
657 3516 708 3550 vers
721 3505 748 3552 de
758 3508 805 3550 Ju-

268 3566 346 3618 venal,
369 3571 414 3610 sat.
436 3578 454 3618 ι,
476 3570 543 3618 1.1;
563 3565 583 3610 11
604 3565 691 3610 dernier
705 3579 755 3612 vers
775 3569 805 3614 du

268 3629 373 3682 quatrata
384 3628 475 3672 suivant
487 3632 521 3672 est
532 3628 560 3672 de
574 3627 667 3684 Virgile,
681 3615 759 3686 Eglog.
774 3641 805 3685 u,

268 3700 291 3731 v.
300 3692 341 3740 363
354 3689 410 3732 celui
418 3689 447 3732 du
455 3689 564 3734 troisidme
571 3689 675 3745 quatrain
685 3696 718 3734 est
725 3703 805 3736 encore

268 3751 384 3804 emprunte
403 3749 416 3793 1
438 3749 544 3804 Juvenal,
564 3756 607 3794 sut.
625 3763 644 3804 r,
664 3763 686 3796 v.
707 3757 747 3806 15;
768 3764 806 3797 ces

267 3811 463 3866 repprocbernents
473 3823 501 3856 ne
511 3824 566 3856 nous
578 3812 686 3858 semblent
695 3824 735 3869 pas
743 3824 805 3857 11111

267 3869 362 3918 curioux
371 3882 425 3926 pour
432 3883 476 3926 qne
485 3884 541 3918 nous
549 3885 577 3918 en
587 3873 713 3929 indiquious
720 3875 806 3920 davan-

269 3938 330 3988 tage.

294 4003 324 4058 (1)
338 4001 399 4046 Cotto
411 4003 499 4058 stropbe
511 4008 545 4048 111
553 4003 637 4050 dansla
652 4004 766 4050 collection
777 4005 804 4049 de

269 4064 302 4110 nl.
318 4062 414 4119 witgar,
431 4075 453 4120 p
465 4068 518 4118 1603
533 4062 547 4107 il
559 4077 571 4120 p
583 4077 596 4110 a
603 4065 745 4122 pecudibus.

295 4133 323 4187 (s)
337 4133 404 4178 Velut
414 4145 454 4190 epe
462 4133 548 4180 salutis.

867 3507 888 3561 (1
910 3503 940 3549 Et
950 3506 1004 3550 mibi
1014 3513 1113 3552 resonat.

865 3577 893 3632 (5)
909 3575 970 3622 Cette
982 3579 1070 3635 strophe
1079 3580 1373 3642 mammaemammal.
1425 3557 1426 3631 1

867 3647 895 3703 (6)
910 3647 936 3692 Ρ.
949 3651 1000 3703 1115;
1015 3647 1117 3694 affluere.

867 3718 896 3773 (1)
909 3716 940 3762 nr
953 3719 1013 3764 viros
1025 3720 1117 3764 nubere.

866 3787 895 3843 (8)
910 3787 936 3831 Ρ.
950 3792 1002 3842 lam
1014 3789 1119 3834 declinat.

868 3858 896 3914 (9,
910 3856 936 3902 l’.
949 3861 1001 3913 ¹⁵⁴3
1013 3863 1128 3904 curantur.

867 3929 909 3985 (11))
924 3929 950 3972 ln
960 3926 1037 3973 iactis.

867 3998 911 4054 (11)
926 3999 1019 4043 berum.

866 4069 907 4124 (11)
922 4069 947 4112 P.
960 4073 1014 4122 ltl;
1027 4067 1150 4113 obsorduit.

865 4138 906 4192 (13)
914 4137 971 4182 Nam
979 4137 1077 4184 rendunt
1084 4139 1162 4186 altaria
1171 4151 1231 4194 quae
1243 4153 1290 4188 non
1300 4143 1374 4188 solent.
