2914 4944
520 459 685 518 -381-

146 580 233 643 Unde
243 583 320 644 satis
334 583 467 663 supplex
482 583 671 664 humilisque
685 584 819 663 requirit
830 585 870 646 ab
884 585 954 662 illo,

183 705 281 768 quare
294 692 360 752 tarn
375 687 512 769 graviter
528 689 731 769 corripuisset
745 708 829 752 eum.

144 798 277 858 Sanctus
291 793 340 857 ei:
358 819 373 854 a
386 799 465 858 Vere
480 795 638 876 possessio
653 795 816 859 daemonis
829 813 863 858 es
877 800 911 859 tu
925 828 933 878 5

182 899 236 961 lex
250 917 356 980 sacra,
372 901 573 982 mercedes,
589 904 621 964 tc
635 901 824 983 tribulante,
840 907 921 966 ruet.

143 1004 332 1084 Coniugium
345 1008 464 1088 solves,
483 1025 666 1088 corrumpes
677 1007 908 1090 virginitatem,
926 1052 929 1056 -

179 1110 364 1192 judicioque
375 1115 432 1176 tuo
444 1117 550 1177 castus
563 1115 688 1178 adulter
700 1115 780 1196 erit3

144 1219 243 1280 Exlcx
255 1218 432 1298 legitimum
447 1220 609 1284 damnabit
621 1221 750 1302 iniquus
763 1223 901 1287 amicum

178 1325 337 1406 Justitiac‚
352 1325 453 1406 pietas
467 1325 628 1407 impietate
642 1330 745 1392 cadet.

141 1433 184 1492 Tu
200 1431 313 1513 facies,
327 1432 444 1495 mentis
457 1435 493 1495 ut
507 1433 705 1500 circumcisio
719 1437 858 1518 nonsit,

181 1539 217 1597 ut
229 1537 339 1600 redeat
352 1538 474 1620 carnis,
489 1544 526 1602 ut
541 1558 631 1603 saera
645 1546 748 1604 cesset
761 1561 860 1624 aqua,

140 1644 242 1721 thue
254 1644 366 1724 loquar
379 1645 516 1709 breviter
527 1650 589 1728 (1),
605 1649 706 1710 Adam
716 1645 856 1713 veterem
869 1651 1038 1714 renovabis

181 1751 277 1828 atque
293 1768 393 1814 novas
407 1755 450 1828 (2)
462 1753 549 1830 leges
564 1753 605 1814 ad
615 1753 769 1816 nichilum
781 1754 917 1833 rediges.
931 1777 946 1810 a

141 1858 228 1917 Tunc
241 1841 419 1920 llacbomes
432 1860 617 1921 constanter
630 1859 675 1920 ait
688 1876 722 1920 sc
735 1861 828 1921 malle
843 1861 974 1922 cremari

181 1979 277 2040 quarn
292 1980 349 2041 pro
363 1965 496 2044 seleges
510 1964 552 2026 ad
565 1964 718 2027 nichilum
731 1965 843 2045 redigi.

141 2066 194 2128 Vir
207 2071 314 2132 tamen
326 2069 378 2132 ille
391 2069 446 2133 Dei
459 2069 683 2134 nichilominus
696 2070 840 2150 increpat
853 2072 942 2135 illurn

181 2193 261 2256 aque
275 2181 319 2254 (3)
332 2195 389 2240 sua
402 2177 484 2240 facie
493 2180 561 2258 jam
573 2179 684 2258 procul
697 2177 743 2239 ire
752 2179 854 2257 jubet.

140 2281 318 2346 abscedens
332 2286 510 2348 Macbomcs
524 2288 558 2347 et
570 2284 674 2349 Sancti
687 2284 773 2348 dicta
786 2286 969 2368 revolvens,

180 2387 363 2452 innumeras
380 2391 487 2454 animo
501 2393 626 2471 fertque
638 2393 821 2472 refertque)
833 2392 928 2456 vices.

140 2494 218 2554 Nam
232 2492 271 2554 dc
285 2511 319 2556 se
331 2498 445 2557 Sancto
458 2497 627 2575 plusquam
640 2495 699 2558 sibi
711 2499 840 2561 credere
852 2498 975 2578 coepit,

181 2599 215 2658 et
227 2597 310 2660 sicut
321 2601 461 2663 mentem
475 2599 521 2662 sic
534 2600 636 2662 variat
650 2602 784 2682 faciem3

141 2709 272 2784 Jamque
286 2704 362 2766 satis
374 2707 481 2786 posset
494 2705 659 2768 advertere
672 2707 804 2786 quilibet
817 2705 923 2788 illurn,

181 2828 247 2872 non
258 2810 375 2890 proprii
384 2811 466 2891 juris
479 2827 548 2874 esse
561 2812 618 2873 scd
632 2811 771 2873 alterius.

142 2923 281 2979 Daemon
292 2916 377 2979 enim
390 2917 527 2980 ducebat
540 2934 613 2978 eum
626 2934 818 2997 quocunque
832 2919 978 2996 volebat,

182 3022 399 3102 permissuque
412 3021 465 3084 Dei
476 3040 626 3103 prospera
639 3024 755 3084 cuncta
770 3023 875 3086 dabat.

143 3128 221 3210 Qui,
235 3128 397 3209 proprium
407 3131 512 3192 tamen
526 3129 567 3192 ad
582 3128 746 3193 dominum
761 3130 801 3192 de
813 3148 903 3194 more
915 3147 1083 3212 reversus,

184 3234 352 3315 exequitur
364 3235 493 3300 solitum
506 3238 635 3300 sedulus
649 3235 855 3320 obsequium3

143 3345 317 3405 conservos
330 3341 370 3404 ad
385 3359 418 3404 se
432 3346 542 3423 vocat3
558 3343 696 3406 adsunt:
711 3341 846 3422 imperat
857 3342 938 3424 illis3

182 3446 266 3509 illius
279 3446 416 3526 imperiis
431 3449 636 3512 accelerando
652 3450 769 3511 lavent.

144 3553 248 3616 Serica
260 3570 334 3616 curn
347 3553 437 3636 tyriis
450 3555 483 3615 et
493 3552 612 3616 murice
623 3552 717 3635 pallia
732 3553 849 3632 tincta,

183 3660 316 3738 plurima
330 3663 491 3740 praeterea
505 3677 586 3739 quae
597 3660 734 3739 pretiosa
747 3663 881 3741 putant,

144 3770 188 3828 De
202 3765 319 3829 domini
331 3770 462 3828 sumunt
474 3767 630 3829 thesauris
644 3770 740 3846 atque
752 3767 890 3829 camelos

185 3888 226 3934 ex
238 3870 312 3950 ipsis
328 3875 461 3934 onerant
471 3898 480 3952 3
492 3871 538 3934 sic
552 3871 611 3935 iter
622 3871 786 3950 arripiunt.

82 4060 106 4102 dl
120 4059 221 4104 Bruuius
230 4060 285 4104 dans
299 4062 326 4104 B.
647 4063 676 4105 (sl
692 4059 755 4115 Eque
771 4060 826 4104 dans
838 4059 866 4102 ll.
1058 4063 1062 4070 ·
1096 4066 1107 4117 3

82 4121 107 4158 ut
120 4120 180 4166 Nove·
187 4123 242 4166 dans
251 4124 279 4167 Α.
