2914 4944
557 460 668 518 -403
683 491 723 503 -

183 578 236 642 Hic
250 577 348 659 igitur
360 580 433 642 talis
446 597 483 644 ac
497 585 622 666 tantus,
636 588 776 669 supplice
789 610 884 670 voce,

221 685 313 748 vultu
326 685 481 769 demisso,
496 689 542 752 sic
554 697 736 758 reverenter
748 695 792 759 ait
806 726 813 760 ι

182 813 197 849 «
212 791 369 871 Opatriae
381 795 506 858 custos!
520 799 546 859 0
558 799 649 878 spes!
664 803 690 864 0
702 802 802 882 gloria
817 811 945 875 nostra!

224 915 283 960 nos
295 916 406 962 omnes
417 918 527 967 servos
542 907 668 971 noveris
680 926 750 973 esse
763 915 856 996 tuoe,

181 1013 244 1073 Nec
257 1028 365 1076 servos
378 1013 494 1077 durum
504 1016 558 1096 qui
572 1020 605 1080 te
618 1019 783 1085 dominum
795 1023 964 1108 patiamur,

221 1117 278 1179 sed
291 1135 371 1196 quos
384 1136 473 1182 more
485 1121 583 1200 patris
597 1124 797 1206 corripiendo
810 1130 907 1195 foves.

181 1223 349 1302 Propterea
363 1211 673 1303 quotiens'audimus
687 1232 820 1311 grandia
834 1236 940 1320 dete,

223 1330 357 1411 quisque
368 1334 457 1397 velut
468 1335 596 1415 proprio
610 1338 729 1417 gaudet
742 1341 863 1406 honore
875 1346 943 1408 tuo.

180 1437 356 1511 Quaerere
370 1437 410 1500 dc
423 1440 455 1500 te
468 1439 613 1504 miranda
625 1443 722 1506 modo
737 1447 929 1534 reseruntur,

220 1543 380 1606 extollunt
392 1544 472 1607 coeli
485 1563 604 1610 nornen
618 1549 658 1610 ad
672 1550 736 1612 alta
749 1554 851 1615 tuum.

183 1653 261 1713 Nam
274 1648 300 1712 si
311 1649 451 1714 consiliis
464 1651 579 1716 divinis
591 1655 787 1736 participaris

218 1760 251 1820 et
263 1761 345 1820 Deus
356 1757 487 1821 arbitrio
499 1761 617 1822 tractat
629 1764 753 1841 agenda
767 1769 844 1848 tue,

178 1864 316 1942 Angelus
330 1867 388 1926 aut
396 1867 480 1927 Deus
491 1881 526 1926 es
539 1865 680 1931 humano
695 1886 828 1950 corpore
841 1877 964 1958 tectus,

216 1969 284 2046 jam
295 1967 352 2030 tibi
366 1968 491 2035 divinus
505 1970 694 2035 exhibeatur
707 1975 831 2040 honor!

181 2075 196 2134 J
198 2089 249 2135 arn
262 2073 318 2136 tihi
329 2073 488 2140 donentur
501 2076 727 2160 thymiamata,
741 2082 836 2146 thura
850 2093 1041 2172 crementur,

220 2182 257 2242 ut
270 2182 302 2243 te
316 2185 464 2262 pacatum
474 2183 615 2247 mundus
627 2185 744 2250 habere
753 2193 870 2269 queat!
888 2215 903 2250 »

180 2312 352 2392 Respondit
365 2316 543 2379 Machomes
557 2345 565 2378 ι
582 2340 598 2376 «
613 2322 657 2380 Ne
669 2337 721 2382 me
732 2323 855 2399 jactare
867 2325 1002 2410 viderer,

219 2419 416 2496 propositum
430 2423 535 2483 fuerat
548 2421 609 2482 ista
622 2422 714 2485 silere
725 2428 786 2490 mei
801 2431 842 2508 (1)
854 2456 862 2510 3

179 2522 240 2586 Sed
251 2539 334 2602 quae
345 2525 415 2588 vult
427 2541 484 2603 per
495 2543 548 2587 me
560 2525 630 2588 fieri
644 2528 750 2595 divina
762 2537 904 2613 potestas
916 2587 924 2616 ‚

218 2645 274 2708 per
285 2645 338 2690 me
351 2645 419 2691 non
430 2628 499 2692 fieri
513 2629 652 2696 criminis
665 2651 734 2697 esse
745 2653 827 2699 reor.

179 2739 261 2813 Ergo
274 2735 366 2796 locus
377 2737 483 2797 certus
497 2738 530 2796 et
540 2738 694 2799 tenninus
711 2739 906 2827 instituatur,

218 2839 251 2901 in
262 2857 326 2920 quo
340 2841 530 2904 conveniant
543 2858 617 2904 cum
627 2844 744 2922 populo
758 2863 925 2929 proceru,

178 2947 217 3008 Ut
230 2945 403 3007 reseramus
415 2945 460 3007 eis
473 2963 555 3025 quae
569 2946 610 3008 sit
625 2945 730 3012 divina
744 2951 912 3034 voluntas,

217 3051 352 3132 qualiter
365 3051 497 3116 infirmis
510 3070 640 3134 parcere
654 3055 828 3133 provideat.

179 3157 380 3239 Longinquas
391 3158 489 3238 igitur
500 3163 664 3239 percurrat
675 3161 807 3240 epistola
821 3169 946 3250 parteS,

219 3265 331 3327 nuntia
346 3268 539 3345 conventusa
554 3266 705 3346 temporis
718 3270 813 3349 atque
826 3272 898 3335 loci.
914 3297 930 3331 »

180 3369 304 3433 Dictum
314 3372 479 3452 laudatur3
494 3372 634 3440 edictum
645 3373 797 3457 mittitur3
811 3395 921 3442 omnes

219 3481 286 3540 tam
297 3478 491 3560 Machomi(s)
500 3497 617 3542 nomen
629 3499 725 3560 quarn
737 3501 821 3547 nova
835 3486 918 3550 sarna
932 3497 1047 3555 movet.

181 3585 343 3646 conventu
358 3585 459 3664 iacto,
476 3583 670 3662 Machomi(s)
681 3589 828 3652 facundia
843 3596 949 3672 captat

220 3705 313 3751 aures
327 3690 360 3751 et
371 3693 511 3770 menteS,
527 3690 684 3773 gestibuS,
700 3711 770 3775 ore,
785 3713 882 3760 mann
896 3727 904 3776 3

181 3795 269 3856 Unde
281 3793 358 3857 satis
371 3795 480 3877 miror,
495 3795 522 3858 si
535 3799 585 3859 vel
597 3798 656 3860 fuit
667 3816 750 3862 unus
761 3801 794 3863 in
808 3801 868 3865 illis

220 3899 274 3978 qui
287 3901 457 3964 Machomis
470 3901 571 3969 verbis
582 3905 680 3966 nollet
692 3906 809 3968 habere
820 3907 924 3972 tidem.

113 4112 143 4166 tt)
157 4109 219 4156 Mitt
232 4109 288 4154 dans
300 4111 326 4154 B.
