2902 4940
580 461 737 518 -197—

330 585 516 666 pinguitutis
528 586 571 662 (1)
583 583 705 665 pocldis
719 585 837 663 plenus.

331 695 399 754 Non
410 708 461 754 me
468 692 560 771 juvat
573 693 698 752 tantum
712 690 891 755 convivium

332 800 488 879 quantum
500 801 574 877 post
587 799 679 860 dulce
693 798 905 880 colloquium,

331 905 394 964 Nee
407 917 514 963 rerum
529 901 689 965 tantarum
700 901 829 962 ubertas

331 1009 368 1068 ut
380 1005 495 1069 dilootu
509 1003 714 1068 luniiliuritoo

329 1116 397 1175 lam
412 1110 595 1193 nunnioni,
612 1113 708 1176 Soror
720 1113 820 1174 eleeto

331 1219 450 1298 elprae
461 1216 671 1282 eunetismilii
685 1216 820 1294 dilecte,

332 1325 400 1385 Lux
412 1338 503 1386 meae
516 1323 599 1384 claro
614 1320 770 1401 pupillae,

332 1442 467 1507 parsque
481 1427 584 1506 maior
594 1425 719 1490 animae
729 1443 828 1490 meae.

334 1532 400 1608 Ego
413 1529 459 1592 fui
471 1529 538 1592 sola
551 1529 583 1606 (l.
597 1530 717 1604 solusl)
728 1529 761 1591 in
774 1528 851 1591 silve

335 1636 368 1696 et
380 1632 477 1696 dilexi
487 1633 558 1695 looe
569 1637 690 1698 secreta
702 1661 711 1715 3

335 1733 528 1812 liequenter
540 1731 639 1812 effugi
653 1735 824 1797 tumultum

336 1840 369 1898 el
381 1834 477 1901 vitavi
497 1837 649 1916 populum
662 1837 808 1898 mullum.

337 1941 520 2021 Carissimo,
533 1941 598 2004 noli
612 1942 756 2021 turdare3

337 2045 522 2109 studeamus
535 2062 594 2108 uos
609 2062 696 2108 nuno
709 2061 835 2124 amare,

336 2149 409 2214 Sine
422 2154 454 2213 te
467 2167 533 2215 non
546 2154 657 2231 potero
668 2149 794 2215 vivere:

332 2253 399 2330 jam
414 2251 506 2314 deoet
517 2267 659 2314 amorem
671 2251 832 2330 perlicere.

335 2353 417 2427 Quid
427 2355 519 2433 juvat
531 2353 675 2434 differre,
690 2355 812 2434 Electa,

335 2473 417 2536 quue
428 2459 504 2519 sunt
514 2459 621 2520 tamen
634 2461 706 2536 post
720 2458 883 2521 faciende?

335 2565 396 2626 Fue
407 2561 470 2624 citu
480 2564 567 2642 quod
578 2562 640 2626 eris
654 2565 794 2644 factura,

336 2663 370 2726 iu
381 2680 433 2726 me
446 2680 512 2726 nou
525 2667 574 2726 est
585 2663 691 2744 aliqua
704 2681 804 2728 mora.

144 2845 182 2905 La
195 2842 346 2922 musique
366 2844 399 2904 et
417 2843 463 2904 les
481 2843 594 2906 ehonts
615 2842 777 2924 laisaieul,
797 2861 920 2908 comme
943 2861 986 2907 ou
1008 2844 1091 2924 voit,
1119 2843 1219 2922 partie

111 2944 286 3029 integrante
300 2946 339 3009 de
348 2946 529 3010 l’ordiuaire
542 2947 597 3009 des
608 2946 730 3027 festius,
743 2950 775 3011 et
786 2947 807 3009 il
821 2947 917 3010 serait
927 2948 1019 3012 laoile
1031 2949 1071 3011 de
1083 2966 1219 3028 prouver

111 3065 162 3128 par
174 3069 243 3115 une
260 3051 346 3114 loule
359 3051 399 3112 de
412 3049 629 3131 le'moignages
642 3049 718 3132 qu’il
733 3068 774 3114 eu
792 3050 869 3114 eluit
886 3051 966 3114 ainsi
984 3053 1060 3116 chez
1077 3053 1151 3114 tous
1172 3053 1220 3114 les

111 3159 255 3238 peuples=
271 3171 354 3219 nous
366 3171 449 3218 nous
461 3155 637 3218 bernerons
649 3152 668 3217 l
681 3171 721 3218 eu
735 3158 899 3236 rapporler
912 3155 1012 3220 deux.

346 3322 394 3386 ld
405 3339 549 3385 mensam
561 3318 669 3402 magni
681 3321 829 3403 principis

347 3430 396 3490 est
408 3445 517 3491 rumor
526 3431 570 3504 (2)
583 3426 678 3491 unius
688 3426 778 3492 bovis
789 3454 798 3509 3

346 3537 576 3615 praesentatur,
591 3537 628 3597 ut
640 3535 764 3614 lubido,

140 3784 167 3840 (ll
182 3784 304 3828 Peut-elre
323 3780 403 3827 leuel
423 3780 463 3825 lire
481 3778 649 3837 menemus,
718 3786 787 3830 Diem.
801 3777 1163 3830 morlanuneouldnobhnlm'une

115 3843 222 3900 liquem
232 3844 366 3916 pimoulees,
380 3843 478 3898 quoique
490 3853 516 3914 oe
527 3848 573 3914 luet
584 3855 651 3888 man·
843 3859 970 3914 mmo»,
984 3861 1012 3908 ff·
1026 3875 1057 3920 n,
1071 3875 1093 3908 v·
1105 3868 1141 3910 w·

115 3917 156 3960 que
179 3917 242 3952 oussi
259 3906 313 3952 dous
327 3906 349 3951 le
362 3903 463 3950 nouvelle
481 3903 563 3949 edition
581 3905 652 3950 dedu

118 3967 200 4024 range,
687 3955 723 4002 On
735 3961 813 4000 trouve
822 3955 871 4012 dell
882 3957 938 4002 deus
952 3955 1058 4003 Horace:

140 4061 168 4118 (2)
181 4062 270 4107 Rumor
282 4061 383 4117 signjflffl
401 4064 456 4110 dam
476 4063 496 4108 ,Β
514 4073 592 4118 ΜΘΗ
609 4064 651 4118 380
719 4046 1108 4090 Frlgldunlloulrlnmunelperoomplu
1116 4054 1184 4080 rumor.

117 4121 234 4176 nouvelle,
245 4125 325 4168 eonio:
792 4117 898 4175 seliros,
912 4118 927 4164 1.
942 4133 971 4176 ιι,
985 4127 1028 4188 sul.
1042 4131 1080 4175 vi,
1094 4131 1117 4168 v.
1130 4123 1166 4166 lid.
