2892 4940
542 500 701 556 -ΙΗω

346 623 413 686 uta
427 624 554 704 mundi,
569 627 665 704 pestis
681 625 791 703 foeda,

346 727 521 790 animarum
533 745 625 794 saeva
641 732 772 811 praeda,

346 850 418 893 eum
432 831 474 893 sis
488 831 564 894 mihi
579 834 703 912 pondus
719 852 831 914 grave,

347 955 386 999 ne
400 955 450 999 me
465 942 596 1018 tangas,
612 956 751 1020 quaeso,
768 956 853 1002 cave.
906 969 909 973 ·

346 1077 410 1135 Tua
425 1077 510 1135 certe
522 1073 757 1150 hlaurdimenta

347 1179 450 1238 refuto
463 1177 551 1257 qnasi
566 1180 742 1257 tormenta,

345 1281 506 1345 etidcirco
519 1300 585 1344 non
599 1282 641 1344 sis
657 1283 742 1344 lenta

344 1397 395 1442 me
410 1380 544 1458 dimidii
558 1385 600 1456 (1)
615 1381 828 1476 fraudulenta.

345 1521 465 1580 Exeero
479 1523 570 1584 tuum
584 1538 740 1600 amorem3

344 1639 445 1684 renuo
459 1626 550 1686 tuum
564 1625 721 1706 favorem3

345 1728 456 1791 desero
468 1733 559 1791 tuum
572 1729 717 1793 decorem
728 1756 736 1809 3

315 1843 317 1848 ’
346 1850 410 1894 non
425 1850 497 1894 amo
515 1837 606 1895 tuum
622 1834 762 1895 odorem.

347 1975 411 2050 Ego
426 1974 458 2033 te
470 1989 634 2051 nunquam
647 1975 761 2036 amabo

347 2078 378 2137 et
392 2075 424 2137 in
437 2079 469 2138 te
482 2093 646 2155 nunquam
660 2079 793 2156 sperabo
806 2105 814 2159 3

346 2182 455 2241 contra
471 2182 501 2240 te
514 2197 638 2260 semper
651 2183 800 2261 pugnabo
811 2209 819 2262 3

345 2283 386 2344 ud
400 2286 431 2345 te
444 2303 608 2364 nunquam
620 2285 848 2366 propinquaho.

348 2435 406 2492 Per
420 2434 451 2492 te
465 2431 564 2510 ipsam
578 2430 633 2492 tibi
645 2434 717 2510 jura
730 2434 764 2505 (l.
777 2432 861 2510 juro)
875 2480 883 2513 ,

346 2535 437 2597 donis
450 2535 514 2596 tuis
527 2535 606 2598 nihil
620 2552 715 2616 curu,

347 2655 445 2718 quare
458 2638 502 2700 nil
513 2641 604 2718 potes
617 2640 735 2702 donare

321 2738 322 2744 ’
347 2742 406 2804 nisi
421 2759 539 2822 poenas
555 2745 587 2802 et
600 2743 733 2821 plorare.

346 2883 428 2957 Ergo
442 2879 510 2942 Vita
527 2879 685 2959 taediosa,

349 3000 438 3044 amor
451 2982 580 3063 mundi,
595 2985 783 3063 reprobum,

349 3102 406 3146 eur
420 3085 550 3148 sectaris
564 3085 759 3164 fugientem?

347 3190 427 3264 Quid
442 3209 508 3253 non
522 3191 643 3272 spernis
657 3196 688 3254 te
702 3197 922 3273 spernentem?

349 3346 416 3408 Vita
430 3345 558 3425 mundi,
575 3345 679 3407 'earnis
691 3363 791 3426 amor,

349 3455 565 3529 contraquam
578 3451 693 3514 mentis
706 3456 754 3514 est
764 3454 894 3532 elamor,

350 3572 448 3634 quare
460 3574 524 3618 non
536 3556 759 3618 verecundaris

350 3662 436 3741 quod
447 3661 480 3724 in
491 3665 595 3726 tutum
607 3662 838 3743 a(m)plexaris?

351 3810 507 3870 Erubesce
518 3811 584 3886 iam
597 3812 629 3871 et
642 3808 719 3871 eede
734 3835 742 3889 3

351 3917 425 3976 ante
439 3913 532 3976 eitius
545 3916 657 3978 recede
671 3942 678 3994 ς

118 4108 142 4164 ili
151 4112 205 4160 G¹est
214 4129 257 4162 une
264 4117 290 4162 de
300 4129 335 4162 ees
343 4118 423 4163 formes
432 4118 614 4174 deponentesque
650 4119 698 4174 pius
710 4119 850 4176 anulyuquos
863 4121 975 4168 reudirent
993 4121 1187 4180 tres-frequente,

96 4163 122 4209 les
131 4177 243 4224 tendnnces
257 4180 285 4222 du
300 4180 352 4224 iutin
361 4182 374 4224 d
384 4181 476 4225 devenir
489 4181 515 4224 de
528 4180 577 4236 pius
588 4193 615 4224 en
651 4182 746 4236 pendant
759 4181 779 4225 le
794 4194 871 4238 moyen
887 4185 934 4237 ige.
